3379 4174
1693 121 1738 187 4

350 336 615 400 sequenti
671 330 864 377 tamen
917 329 1171 392 tempore
1230 336 1349 375 non
1406 315 1591 375 solum
1644 320 1897 393 ipsae,
1954 318 2082 376 sed
2137 319 2350 375 etiam
2406 314 2776 375 solemnia
2829 336 3072 376 earum

347 411 715 472 vocabula
769 422 935 469 sunt
988 411 1378 485 permixta.
1484 409 1657 469 Valet
1707 410 1817 468 hoc
1880 411 1980 468 de·
2011 408 2251 467 Graecis
2307 409 2521 484 pariter
2564 427 2631 466 ac
2671 408 2743 465 de
2775 407 3088 478 Romanis,

344 506 491 581 Sunt
525 506 703 575 enim,
742 502 945 580 quibus
983 501 1251 572 Romani,
1297 514 1361 559 ut
1396 508 1591 560 mente
1632 523 1699 561 ac
1740 504 2116 579 cogitatione,
2155 503 2238 559 sic
2280 502 2536 559 oratione
2573 502 2840 559 notiones
2870 505 3074 561 mortis

343 599 550 656 acriter
586 597 932 654 distinxisse
969 595 1282 652 videantur.
1375 592 1563 651 Aliam
1615 596 1766 651 enim
1804 597 1953 668 leti,
2010 593 2180 652 aliam
2216 596 2428 652 mortis
2468 593 2579 649 vim
2614 605 2781 670 atque
2819 605 3072 666 potesta-

348 704 463 750 tem
498 688 703 762 fuisse,
746 689 959 747 docent
989 687 1134 744 haec
1168 684 1455 742 Petroniit

870 780 1129 855 Emergit
1166 776 1282 834 late
1323 776 1477 833 Ditis
1523 775 1756 850 chorus,
1793 777 2025 834 horrida
2061 777 2329 850 ErinnyS,

871 870 948 928 Et
981 867 1227 927 Bellona
1258 870 1480 941 minax,
1518 866 1856 945 facibusque
1897 876 2114 927 armata
2149 867 2445 946 Megaera,

878 961 1198 1041 Letumque
1238 959 1630 1038 Insidiaeque,
1670 966 1734 1017 et
1768 959 1958 1023 lurida
1994 959 2202 1019 Mortis
2240 963 2450 1038 imago.

268 1081 278 1095 ⁸
339 1077 499 1147 Quid
572 1085 767 1132 autem
820 1075 917 1147 sit,
975 1093 1087 1150 quo
1142 1073 1409 1131 differant
1468 1071 1621 1131 mors
1675 1084 1733 1130 et
1785 1071 1999 1147 letum,
2084 1070 2319 1130 dubium
2373 1071 2549 1129 videri
2607 1076 2817 1143 potest.
2925 1070 3072 1128 Sunt

346 1168 676 1242 Spencii')t
731 1166 889 1222 »The
929 1168 1161 1223 Roman
1197 1169 1369 1239 poets
1403 1168 1736 1224 sometimes
1776 1166 1954 1223 make.
1982 1185 2021 1223 a
2058 1165 2417 1226 distincti-on
2456 1163 2710 1222 between
2753 1160 3069 1235 „letum“

348 1260 511 1318 »and
547 1257 852 1332 ,‚mors‚“
889 1257 1080 1314 which
1120 1258 1220 1313 the
1257 1264 1508 1331 poverty
1550 1257 1635 1329 ot*
1676 1274 1786 1313 our
1835 1257 2138 1330 language
2176 1258 2300 1314 will
2349 1262 2456 1313 not
2507 1256 2680 1313 allow
2733 1272 2803 1311 us
2855 1261 2916 1311 to
2973 1272 3070 1311 ex-

346 1367 571 1424 »pv-ew,
607 1348 733 1422 and
768 1348 960 1405 which
1000 1351 1055 1404 it
1092 1350 1146 1405 is
1185 1367 1326 1404 even
1364 1347 1638 1421 difficult
1672 1347 1902 1422 enough
1942 1353 2003 1406 to
2042 1351 2330 1406 conceive.
2401 1346 2691 1420 Perhaps,
2730 1346 2865 1421 they
2895 1364 3065 1404 mean

343 1442 458 1517 »by
496 1439 817 1511 ‚,letum“.
860 1440 999 1496 that
1033 1440 1282 1514 general
1315 1440 1620 1514 principle
1660 1456 1729 1497 or
1765 1456 1973 1497 source
2013 1439 2090 1514 of
2116 1440 2469 1513 mortality,
2526 1439 2717 1498 which.
2753 1439 2889 1514 they
2926 1456 3064 1512 sup-

346 1532 567 1607 »posed
606 1537 668 1589 to
708 1531 858 1589 have
895 1533 980 1589 its
1010 1548 1237 1605 proper
1274 1531 1580 1589 residence
1627 1532 1690 1588 in
1727 1530 1846 1587 hell
1859 1552 1878 1598 ‚-
1931 1529 2055 1588 and
2110 1530 2183 1605 by
2220 1530 2518 1601 ›‚,1nors“
2576 1547 2647 1589 or
2684 1541 2974 1603 „morte
2996 1533 3064 1586 s“

342 1623 520 1699 »(Ῑον
558 1624 694 1698 they
732 1621 857 1679 had
892 1623 1123 1680 several
1162 1623 1239 1697 of
1288 1623 1470 1689 them)
1524 1622 1624 1681 the
1675 1621 2018 1691 immediate
2074 1639 2250 1681 cause
2302 1622 2378 1696 of
2409 1621 2554 1681 each
2586 1622 2930 1696 particular
2964 1625 3052 1681 in-

344 1723 591 1776 »stance
630 1714 706 1790 of
733 1713 1049 1789 moriality
1086 1731 1162 1778 on
1199 1732 1310 1773 our
1348 1714 1575 1772 earth«
1643 1710 1712 1770 In
1752 1712 1923 1775 aliam
1961 1715 2306 1773 sententiam
2344 1714 2617 1772 discessit
2651 1704 3070 1791 Lessin‘gius2),

341 1811 435 1866 eui
470 1807 647 1865 letum
687 1805 1041 1873 Graecorum
1079 1809 1220 1882 κηρί,
1252 1826 1414 1864 mors
1453 1826 1587 1863 vero
1625 1804 1848 1883 θανάτῳ
1889 1809 2262 1882 respondisse
2301 1807 2537 1866 videtur.
2647 1807 2883 1869 Excitat
2937 1804 3067 1864 Sta,

345 1903 412 1959 tii
454 1898 639 1958 Theb.
678 1897 788 1957 lx.
826 1900 986 1956 2811:
1957 1890 1959 1893 ’

870 1988 1028 2048 mille
1067 1991 1258 2049 modis
1294 1988 1396 2048 leti
1434 1992 1682 2048 miseros
1720 2008 1873 2048 mors
1926 1983 2045 2048 una
2082 1991 2290 2069 fatigat
2327 2024 2398 2036 —

346 2081 445 2141 ubi
481 2100 713 2152 causae,
756 2080 967 2158 quibus
1001 2083 1175 2147 variis
1211 2083 1632 2158 innumerisque
1671 2080 2087 2154 occumbimus,
2125 2102 2161 2142 a
2198 2093 2408 2154 morte,
2440 2099 2586 2159 quae
2612 2089 2703 2140 est
2731 2099 2849 2139 una
2888 2083 3071 2140 omni-

332 2172 571 2250 busque
606 2173 830 2247 eadem,
890 2175 1200 2241 distinctae
1238 2174 1578 2243 videntur.³)
2905 2174 2907 2176 ’

488 2264 622 2322 Jam
658 2284 791 2322 vero
836 2265 1166 2323 discrimine
1200 2264 1311 2322 hoc
1348 2266 1712 2338 interposito,
1748 2277 2170 2323 removetur
2207 2284 2290 2327 ac
2331 2263 2815 2336 dissolvitur,
2871 2266 3065 2340 quod

341 2358 557 2414 suavi
596 2356 767 2414 huic
797 2358 883 2414 de
922 2357 1265 2415 fraterna
1291 2355 1555 2455 §omni
1594 2355 2021 2434 Mortisque
2050 2356 2622 2420 necessitudine
2652 2370 3063 2415 commento

339 2446 588 2523 objici
636 2455 926 2522 potest.
1025 2450 1149 2519 Qui
1203 2448 1361 2506 enim
1413 2447 1540 2505 fieri
1581 2450 1790 2521 potuit,
1831 2447 1893 2505 ut
1938 2462 2161 2506 veteres
2202 2468 2306 2506 eos
2346 2466 2445 2520 pro
2486 2450 2934 2525 consanguineis
2967 2449 3066 2506 ha-

342 2537 576 2613 berent,
634 2558 765 2597 cum
822 2560 1016 2598 eorum
1067 2539 1214 2599 alter
1262 2552 1379 2598 tam
1434 2542 1607 2603 durus
1663 2546 1832 2616 atque
1884 2538 2128 2599 acerbus
2176 2542 2251 2598 iis
2289 2541 2444 2598 visus
2485 2539 2580 2610 sit,
2616 2552 2677 2597 ut
2716 2560 2829 2598 non
2871 2537 3051 2597 solum

335 2631 462 2705 ejus
501 2651 712 2688 nomen
752 2633 1117 2708 pronuntiare
1156 2632 1491 2709 religiosum
1530 2635 1764 2703 esset,⁴)
1821 2633 1926 2689 sed
1976 2635 2168 2701 etiam,
2227 2634 2381 2709 quod
2434 2633 2560 2703 ipsa
2596 2633 2779 2703 prima
2816 2631 3058 2689 θανάτου

333 2719 530 2780 littera
572 2724 645 2780 iis
686 2724 872 2780 invisa
895 2731 1051 2792 erat,
1065 2726 1110 2793 ⁵)
1148 2723 1281 2787 huic
1321 2722 1664 2782 vocabulum
1704 2721 1851 2782 bene
1892 2726 2204 2784 ominatum
2240 2737 2626 2799 supponerent
2662 2723 2948 2797 φθόνον.ὓ)
2990 2755 3057 2766 -

337 2812 494 2888 Quid
531 2817 680 2893 quod
721 2829 931 2890 poetae
967 2818 1386 2874 atrocissimum
1430 2816 1643 2874 vultum
1681 2814 2053 2894 habitumque
2095 2820 2152 2875 ei
2192 2819 2364 2888 dant,
2419 2837 2656 2895 eumque
2703 2814 2813 2875 sub
2860 2819 3063 2894 imagi,

341 2904 512 2964 nibus
553 2905 867 2978 exhibent,
922 2906 1128 2985 quibus
1167 2928 1275 2965 nec
1314 2907 1642 2966 horribilius
1676 2909 1808 2984 quid
1850 2916 1943 2966 est
1978 2928 2087 2966 nec
2126 2912 2343 2968 tetrius.
2386 2942 2448 2952 -
2489 2911 2619 2969 Jam
2653 2907 2908 2966 Homero
2949 2907 3062 2964 Θοί-

294 3021 298 3023 *
335 3017 497 3060 voeroc
533 3009 592 3055 et
627 2996 803 3074 Κῆρες
840 3010 938 3070 aut
973 2998 1161 3074 Μοῖρα
1221 3001 1516 3075 conjuncti
1566 2998 1958 3075 pugnantibus
2010 3018 2214 3076 graves
2268 2986 2471 3059 manus
2507 3003 2747 3077 injicere
2785 3000 3060 3059 dicuntur.
3138 3026 3141 3038 «

335 3089 405 3145 ΙΙ.
444 3087 611 3147 XVI.
650 3093 781 3148 853.
815 3088 992 3147 XXI.
1034 3094 1168 3161 565,
1191 3092 1321 3148 566.
1363 3121 1433 3136 —-—
1476 3088 1542 3146 In
1581 3090 1871 3163 Euripidis
1907 3090 2163 3164 Alceste,
2201 3103 2592 3167 praeterquam
2627 3092 2774 3168 quod
2815 3090 3060 3151 Θάνατος

340 3177 659 3251 superciliis
698 3177 1061 3260 crinibusque
1122 3182 1304 3259 nigris
1340 3181 1660 3254 praeditus,
1718 3193 1778 3239 et
1827 3178 1951 3240 atra
1989 3190 2150 3240 veste
2186 3182 2424 3242 indutus
2463 3186 2685 3244 tristem
2724 3204 2792 3243 ac
2828 3182 3058 3241 horren,

396 3446 445 3491 1)
508 3443 768 3505 Polymet.
801 3458 851 3505 p.
886 3443 992 3493 261.

390 3523 450 3579 2)
518 3522 617 3569 loc.
659 3521 745 3568 cit.
780 3537 830 3582 p.
871 3532 973 3581 135.

395 3606 446 3656 3)
508 3599 587 3647 Cf.
620 3598 936 3647 Doederlein
972 3598 1103 3662 Syn.
1138 3599 1234 3648 111.
1269 3615 1318 3662 p.
1359 3613 1462 3661 175.
1523 3602 1809 3651 Ramshorn
1846 3601 1973 3665 Syn.
2008 3603 2076 3649 11.
2117 3616 2167 3664 p.
2205 3604 2303 3662 167.

347 3704 350 3708 >
383 3681 440 3734 4)
501 3675 582 3724 Cf.
615 3677 807 3727 Meurs.
840 3676 906 3724 de
938 3677 1158 3726 Funere.
1188 3692 1233 3728 c.
1266 3678 1310 3726 1.
1344 3678 1573 3727 Gronov.
1610 3680 1765 3729 Thes.
1803 3680 1906 3728 vol.
1939 3680 2006 3727 11.
2041 3694 2093 3741 p.
2131 3681 2251 3733 1086
2287 3696 2398 3741 sqq.

386 3756 445 3811 5)
506 3753 574 3801 V.
613 3754 713 3802 Cit.
749 3769 831 3816 ap.
865 3755 990 3803 Gor.
1029 3753 1182 3806 inser.
1217 3756 1277 3804 T.
1311 3756 1354 3803 Ι.
1391 3770 1440 3817 p.
1477 3761 1555 3816 84.
2488 3757 2493 3762 “

387 3832 440 3885 6)
501 3830 652 3881 Gorii
686 3831 836 3881 inser.
869 3832 928 3882 T.
964 3831 1004 3880 1.
1040 3847 1088 3894 p.
1136 3843 1236 3894 157.
1294 3832 1363 3881 11.
1403 3846 1520 3894 pag.
1556 3844 1632 3893 53.
