3379 4174
846 555 970 628 De
1016 554 1265 629 Morte
1311 552 1730 652 Somnoque
1778 557 2384 662 consanguineis,

260 733 670 869 Quamquam
698 786 934 846 ‘divinus
977 808 1288 860 sacrorum,
1343 809 1491 866 quae
1531 792 1839 867 sequimur,
1888 802 2105 863 auctor,
2142 791 2220 848 uti
2265 788 2482 848 Paulus
2516 807 2647 847 vere
2690 801 2747 845 et
2786 786 2972 864 gravi-

258 897 345 941 ter
393 894 588 941 monet
632 884 694 940 in
739 881 928 940 -a'ltera
967 883 1038 939 ad
1080 880 1334 939 Timoth.
1371 884 1541 958 epist.
1581 881 1628 954 1,
1670 887 1759 954 m,
1810 884 2011 941 mortis
2050 882 2180 942 loco
2221 880 2450 941 beatam
2485 876 2971 938 immortalitatem

259 978 518 1035 doctrina
556 995 659 1033 sua
697 976 757 1032 in
796 973 982 1032 lucem
1021 973 1271 1049 protulit,
1306 980 1370 1033 ut
1408 977 1503 1052 qui
1539 981 1914 1052 sequerentur
1935 976 2137 1048 ipsum,
2174 976 2313 1033 inde
2333 974 2622 1049 praesidia
2639 969 2972 1028 firmissima

262 1070 333 1127 ad
371 1066 668 1144 tranquille
697 1064 982 1143 beateque
1021 1068 1327 1125 vivendum
1359 1079 1651 1141 peterent:
1721 1069 2051 1163 etiamnunc
2078 1081 2266 1126 tamen
2292 1066 2446 1125 haud
2474 1065 2640 1139 pauci
2680 1065 2975 1122 inveniun-

258 1170 382 1233 tur,
429 1164 490 1219 in
545 1178 781 1237 quorum
836 1160 1042 1216 animis
1096 1159 1407 1234 horrenda,
1460 1180 1609 1236 quae
1658 1179 1736 1217 ex
1777 1172 1964 1218 aetate
2007 1159 2243 1218 barbara
2277 1158 2537 1236 profecta
2574 1169 2701 1230 est,
2766 1157 2972 1213 mortis

258 1253 455 1330 imago
496 1270 784 1327 vanusque
818 1291 836 1322 ,
877 1252 967 1328 qui
1007 1252 1142 1308 inde
1181 1254 1358 1309 oritur
1391 1263 1449 1308 et
1486 1249 1672 1320 alitur,
1712 1254 1838 1327 ejus
1878 1247 2069 1308 metus
2106 1252 2462 1322 inhaereant.
2562 1249 2700 1319 Qua
2749 1248 2974 1324 quidem

256 1347 314 1400 in
365 1363 431 1400 re
476 1343 781 1401 recentiori
849 1343 1209 1416 praestitisse
1256 1344 1481 1401 videtur
1530 1345 1765 1418 antiqua
1818 1352 2009 1407 aetas3
2064 1362 2294 1400 suavem
2346 1346 2502 1401 enim
2555 1345 2860 1418 imaginem
2902 1338 2975 1395 al»

258 1436 503 1510 antiquis
558 1436 748 1506 poetis
798 1442 860 1492 et
917 1431 1234 1491 artificibus
1287 1432 1462 1499 nobis,
1508 1436 1874 1510 propositam
1928 1432 2209 1492 habemus
2244 1442 2536 1512 tamquam
2572 1434 2968 1511 gratissimum

255 1527 472 1582 timoris
521 1524 775 1582 lenimen
824 1545 891 1582 ac
944 1524 1228 1583 solatium.
1322 1524 1530 1584 Mors
1587 1528 1693 1582 iis
1757 1524 1880 1583 est
1946 1530 2612 1604 consanguineus
2680 1525 3010 1608 Somni3

254 1617 343 1673 De
382 1617 487 1672 hac
522 1619 794 1693 imagine,
832 1619 925 1673 cui
961 1618 1132 1674 Jesus
1169 1620 1295 1693 ipse
1337 1620 1605 1675 assentiri
1644 1618 1882 1691 videtur,
1898 1620 1939 1689 ¹)
1977 1618 2068 1675 vel
2105 1626 2240 1693 post
2277 1619 2704 1697 Lessingium2)
2746 1616 2969 1673 Herde·

255 1710 578 1785 rumque‚³)
652 1710 781 1785 qui,
847 1708 1130 1786 neglectis
1183 1712 1414 1785 poetis,
1470 1712 1541 1767 de
1596 1708 1877 1768 artificum
1944 1709 2210 1785 operibus
2283 1691 2642 1788 potissimum
2710 1719 2971 1787 egerunt,

253 1801 478 1858 uberius
518 1802 806 1873 disputare
877 1821 1088 1877 operae
1128 1803 1367 1874 pretium
1403 1802 1528 1859 fore
1568 1816 1719 1875 puto.

401 1891 562 1949 Mors
602 1904 833 1967 propter
871 1892 1205 1950 brevitatem
1245 1895 1394 1950 vitae
1433 1914 1738 1981 numquam
1776 1895 1964 1974 longe¹
1988 1894 2183 1960 abest;
2241 1893 2796 1971 imminet-quotidie
2842 1911 2969 1966 pro·

250 1998 374 2058 pter
409 1987 658 2041 incertos
696 2004 897 2066 casuS,
951 1987 1222 2060 diraeque
1263 1987 1392 2059 ejus
1430 1988 1762 2043 necessitati
1806 1985 2208 2043 excelsissima
2244 2006 2317 2043 ac
2350 1988 2470 2043 ima
2519 1998 2652 2043 sunt
2688 1982 2964 2042 obnoxia.

250 2076 553 2133 Praeterea
596 2075 695 2132 alii
732 2079 887 2152 gravi
927 2075 1131 2133 morbo
1171 2090 1599 2147 consumuntur,
1633 2084 1733 2134 aut
1769 2084 1955 2134 morte
1992 2077 2082 2134 vel
2121 2084 2479 2149 praematura
2523 2075 2614 2132 vel
2652 2076 2962 2132 inhonesta

255 2170 733 2245 exstinguuntur3
784 2168 914 2225 aliis
968 2171 1091 2242 ipse
1133 2171 1305 2225 animi
1345 2170 1642 2225 discessus
1682 2191 1720 2225 a
1755 2188 1993 2245 corpore
2027 2190 2143 2227 non
2183 2171 2309 2226 sine
2345 2188 2556 2247 magno
2595 2166 2793 2226 dolore
2835 2178 2955 2231 est3

227 2262 401 2342 (alios
440 2263 683 2337 denique
721 2260 860 2317 illud
899 2265 1062 2338 angit
1098 2273 1263 2337 atque
1305 2263 1626 2334 excruciat,
1684 2262 1836 2336 quod
1885 2259 1958 2317 ab
1997 2259 2262 2317 omnibus
2295 2262 2406 2333 iis,
2469 2259 2674 2336 quibus
2712 2263 2821 2317 vivi
2862 2261 2964 2317 de·

256 2350 648 2424 leotabantur‚
711 2354 1019 2410 discedunt
1071 2355 1130 2410 in
1180 2353 1309 2411 loca
1365 2355 1567 2429 ignota
1621 2362 1683 2410 et
1721 2352 2099 2425 inexplorata.
2215 2351 2379 2409 Haec
2417 2364 2476 2409 et
2514 2352 2627 2409 alia
2659 2336 2962 2426 ejusmodi,

258 2462 404 2520 quae
444 2464 569 2502 cum
609 2452 854 2503 mortem
896 2447 1270 2519 antecedant,
1321 2445 1413 2503 vel
1450 2464 1581 2502 cum
1621 2465 1692 2502 ea
1726 2448 2034 2521 conjuncta
2074 2447 2223 2516 sint,
2274 2444 2410 2501 licet
2445 2447 2505 2500 in
2543 2444 2712 2501 malis
2750 2442 2968 2501 haben·

257 2537 386 2593 dam
426 2556 557 2595 esse
600 2536 840 2610 probare
879 2539 1193 2608 videantur,
1238 2540 1473 2596 minime
1513 2550 1708 2595 tamen
1747 2540 1914 2595 morti
1952 2539 2062 2612 ipsi
2100 2536 2400 2594 tribuenda
2437 2544 2588 2609 sunt,
2646 2555 2790 2613 quae
2828 2537 2966 2612 Epi-

255 2627 466 2685 charmi
505 2633 791 2689 sententia
830 2644 941 2700 est,
980 2648 1150 2706 quam
1190 2623 1406 2688 Cicero
1434 2623 1610 2687 Tusc.
1638 2631 1769 2706 Qq.
1805 2630 1851 2687 Ι.
1888 2652 2009 2704 cap.
2045 2634 2129 2687 15.
2165 2630 2255 2685 his
2292 2627 2478 2684 verbis
2516 2628 2715 2684 refert:
2755 2629 2968 2687 Emori

254 2721 408 2789 nolo,
446 2720 553 2779 sed
591 2741 679 2779 me
719 2741 843 2781 esse
882 2731 1177 2780 mortuum
1214 2708 1368 2781 nihil
1405 2730 1687 2781 aestumo.
1764 2720 1928 2796 Inopi
1967 2724 2161 2796 potius
2198 2720 2428 2797 linguae
2465 2731 2694 2777 nostrae
2733 2721 2843 2778 hoc
2885 2723 2966 2774 vi-

253 2811 336 2867 tio
372 2814 699 2870 vertendum
738 2826 848 2887 est,
887 2834 1028 2890 quae
1065 2817 1250 2872 varias
1289 2817 1466 2889 istas,
1517 2834 1684 2895 quae·
1718 2814 1823 2872 sub
1877 2834 2017 2872 roce
2055 2820 2266 2876 mortis
2303 2811 2511 2888 subjici
2549 2814 2797 2888 possint,
2837 2832 2969 2869 sen-

252 2904 488 2975 tentiaS,
525 2906 654 2978 ejus
694 2924 903 2962 causas
942 2906 1073 2964 dico
1108 2913 1169 2964 et
1206 2907 1326 2964 vias
1367 2909 1686 2984 mortuique
1727 2919 1967 2979 statum,
2014 2929 2162 2985 quae
2205 2908 2431 2985 quidem
2467 2924 2698 2979 prorsus
2737 2907 2963 2962 diversa

256 2991 408 3067 sunt,
461 3015 573 3052 uno
626 2997 937 3074 eodemque
990 2995 1269 3056 vocabulo
1324 2996 1632 3075 significat.
1707 2999 1948 3057 Veteres
1995 3002 2223 3077 quidem
2262 2998 2492 3077 linguae
2529 2998 2637 3055 hac
2678 3000 2739 3055 in
2777 3013 2839 3054 re
2878 3019 2965 3054 re·

255 3083 602 3142 centioribus
643 3096 934 3159 praestare
972 3089 1178 3166 hisque
1218 3092 1570 3162 copiosiores
1610 3109 1742 3148 esse
1780 3092 2053 3148 videntur.
2138 3089 2352 3148 Poetae
2391 3092 2543 3148 enim
2583 3091 2966 3165 antiquissimi

257 3174 463 3231 Graeci
504 3189 565 3234 et
601 3198 681 3235 ex
711 3179 800 3236 his
839 3180 1127 3242 Homerus
1166 3183 1435 3250 notiones
1473 3184 1640 3252 istas,
1673 3201 1812 3257 quas
1854 3202 1960 3240 nos
1998 3203 2112 3239 uno
2149 3185 2349 3240 mortis
2382 3180 2660 3241 vocabulo
2707 3201 2967 3258 compre-

252 3265 582 3342 hendimuS,
635 3274 957 3328 accuratius
997 3269 1341 3329 definientes
1380 3284 1439 3329 et
1489 3274 1946 3352 distinguentes,
1999 3273 2257 3351 singulas
2307 3274 2549 3354 singulis
2586 3272 2826 3332 vocibus
2864 3276 2965 3332 de·

254 3371 490 3417 notasse
542 3363 815 3443 videntur.
907 3366 1113 3434 Quae
1168 3367 1363 3439 prius
1425 3367 1945 3423 recensendae
2005 3373 2207 3440 sunt,
2269 3386 2377 3445 quo
2433 3365 2658 3426 facilius
2720 3365 2967 3443 intelligi

252 3453 458 3525 possit,
497 3472 607 3529 quo
647 3473 820 3512 sensu
863 3456 1112 3521 &olvat-ot,-
1148 3456 1354 3515 Somni
1387 3459 1856 3535 consanguineus
1895 3459 2079 3516 dictus
2123 3460 2217 3516 sit.

315 3636 369 3693 1)
430 3635 508 3681 cf.
543 3636 723 3683 Matth.
746 3639 850 3686 IX.
885 3652 959 3701 24.
1026 3646 1184 3693 Marc.
1216 3645 1285 3694 V.
1320 3653 1397 3704 39.
1460 3644 1586 3691 Luc.
1622 3644 1767 3694 V111.
1802 3657 1877 3707 52.
1941 3645 2058 3694 Joh.
2093 3646 2189 3694 xl.
2234 3660 2304 3693 ιι.

310 3716 357 3762 2)
422 3710 500 3758 Cf.
542 3713 740 3772 eeffinss:
776 3718 860 3763 mie
891 3719 958 3766 bie
990 3721 1126 3770 arten
1156 3723 1239 3770 ben
1270 3724 1371 3771 zob
1400 3722 1627 3781 achabet?
1690 3717 1925 3772 eduma.
1958 3724 2132 3773 ffssette.
2167 3724 2300 3773 metr.
2346 3725 2464 3775 1826
2494 3731 2596 3782 gret
2626 3727 2734 3781 zm.

311 3790 367 3846 3)
428 3787 506 3835 Cf·
538 3790 741 3856 bftber:
778 3793 863 3840 mie
896 3794 963 3841 bie
996 3798 1134 3846 πίτυι
1169 3798 1251 3847 ben
1287 3799 1386 3848 zob
1421 3799 1650 3860 egebam?
1705 3795 1943 3849 fficimmtt.
1976 3801 2060 3853 ΣΒ.
2092 3801 2287 3858 &tung-
2323 3813 2365 3849 u.
2403 3798 2522 3850 aab.
2562 3805 2689 3858 1830·
2740 3802 2834 3853 But
2863 3798 2966 3856 56³&

433 3860 517 3928 aen
556 3848 638 3896 stt.
673 3854 764 3900 aab
799 3854 961 3913 Ruust,
996 3858 1083 3917 ab.
1122 3869 1195 3916 19.
