3379 4174
1652 155 1699 222 9

301 381 429 435 ma,
463 360 598 434 eJ'us
638 358 864 413 antrum
899 353 1254 411 custodiunt.
1327 352 1498 426 Apud
1541 349 1807 410 Ovidium
1846 352 2089 448 denique
2127 350 2273 414 Met.
2315 351 2430 425 XI,
2466 354 2579 413 602
2611 371 2791 428 prope
2826 349 3028 409 Somni

301 451 495 510 aulam
533 444 882 522 praeterfluit
915 447 1081 503 rivus
1121 463 1312 519 aquae
1349 446 1624 503 Lethes,-

452 538 620 598 Hanc
676 539 801 612 ejus
843 537 1146 610 virtutem,
1225 555 1395 613 quam
1443 535 1800 594 suavissimis
1849 535 1941 594 his
1994 547 2054 594 et
2103 534 2391 594 similibus
2430 533 2783 615 imaginibus
2821 548 3027 609 poetae
3105 584 3107 588 .

305 633 772 701 declaraverunt,
820 627 920 686 alii
955 627 1116 686 multi
1166 627 1398 686 disertis
1451 626 1641 686 verbis
1680 627 2133 703 explicaverunt.
2205 627 2274 686 In
2328 629 2612 702 Euripidis
2652 626 2863 703 Bacch.
2917 627 3030 684 263

307 724 571 783 Bacchus
1083 713 1094 724 ²
2153 751 2181 755 ·>
3034 746 3075 770 s

299 810 303 813 .
697 863 700 865 ·
985 831 1153 888 ὕπνον
1185 805 1486 906 τε,’λ.ήθην
1515 833 1625 888 ταῖν
1656 829 1784 889 καθ’
1809 831 2010 909 ἡμέραν
2042 834 2225 889 κακῶν

988 925 1218 995 δίδωσιν,
1248 923 1357 981 οὐδ’
1381 923 1485 999 ἐπ’
1514 926 1644 980 ἄλο
1682 924 1975 1001 φάρμακον
2005 925 2187 981 πόνων

307 1035 485 1107 Quod
519 1033 852 1093 Plutarchus
900 1036 971 1093 de
1021 1036 1326 1110 Superstit.
1377 1035 1479 1094 111.
1527 1038 1737 1095 iisdem
1775 1036 1895 1094 fere
1935 1035 2122 1095 verbis
2159 1035 2445 1095 declarat:
2521 1034 2616 1093 τόν
2648 1033 2814 1092 ὕπνον
2838 1033 2885 1090 οἵ
2911 1031 3030 1089 θεοὶ
3110 1099 3123 1109 ,

305 1125 485 1200 λήθην
518 1127 699 1184 κακῶν
738 1128 932 1187 ἔδοσαν
989 1127 1097 1202 ἦμῒ
1095 1151 1126 1185 ν
1180 1129 1267 1186 καὶ
1319 1127 1641 1191 α’νοὶπαυσιν.
1732 1127 1898 1202 Apud
1949 1127 2197 1187 Statium
2255 1126 2444 1187 Theb.
2490 1126 2538 1185 I.
2599 1128 2713 1189 342
2773 1124 3028 1183 Somnus

304 1237 530 1293 pronus

1141 1363 1214 1376 -·
1364 1362 1438 1376 ·-·
1587 1353 1688 1406 per
1726 1341 1861 1391 aera
1898 1338 2081 1404 nutat,

988 1434 1155 1501 grata
1184 1421 1479 1504 laboratae
1518 1426 1773 1483 referens
1811 1423 2023 1483 oblivia
2057 1427 2228 1482 vitae.

449 1546 764 1606 Maximam
805 1569 939 1609 vero
979 1553 1533 1611 commendationem
1567 1553 1819 1612 Somnus
1859 1552 2065 1625 habet,
2120 1554 2269 1629 quod
2307 1555 2500 1612 etiam
2540 1571 2711 1614 curas
2750 1547 3025 1608 oblivioni

303 1640 417 1696 dat.
509 1639 639 1697 Hae
697 1643 961 1699 nimirum
1027 1663 1236 1732 somno
1301 1647 1693 1718 opprimuntur
1744 1646 1987 1721 ideoque
2046 1644 2298 1702 Somnus
2355 1647 2546 1719 poetis
2611 1651 2706 1703 est
2767 1660 3025 1700 curarum

300 1741 556 1803 exactor,
594 1732 698 1808 qui
735 1731 1064 1793 hominibus
1106 1728 1354 1812 angores
1393 1738 1619 1807 eximit,
1657 1757 1873 1812 eosque
1918 1757 1996 1794 ex
2036 1737 2191 1794 omni
2227 1735 2537 1805 moestitia,
2579 1741 3020 1812 quantacunque

303 1834 411 1892 est,
453 1834 691 1880 recreat.
758 1822 928 1884 Hanc
962 1828 1094 1902 ejus
1137 1830 1403 1888 virtutem
1437 1831 1754 1903 respiciens
1795 1829 2060 1903 Orpheus
2113 1828 2170 1885 h.
2222 1827 2568 1901 LXXXIV,
2605 1832 2645 1889 5
2693 1827 2785 1885 his
2837 1823 3028 1882 verbis

306 1933 435 1972 eum
467 1915 726 1974 invocat:

932 2029 1319 2106 Λυσιμέριμνε,
1370 2032 1552 2089 κόπων
1600 2029 1726 2107 ἦδεΐ
1724 2053 1791 2088 αν
1830 2033 1983 2107 ’έχων
2022 2033 2321 2089 ἀνάπαυσιν

937 2122 1027 2177 καὶ
1060 2122 1237 2198 πάσης
1273 2123 1449 2197 λύπης
1492 2122 1630 2198 ἶερδν
1663 2124 2006 2199 παραμύθιον
2042 2124 2211 2200 ’ἔρδων

299 2239 357 2284 ut
393 2225 648 2287 Homero
686 2229 750 2288 11.
788 2230 1017 2289 XXIII.
1053 2236 1127 2293 62
1182 2234 1325 2291 λύων
1373 2234 1723 2309 μελεδήματα
1760 2235 1959 2306 θυμοῦ,
2007 2234 2215 2293 Ovidio
2252 2232 2394 2292 Met.
2435 2232 2517 2291 X.
2554 2234 2667 2293 368
2723 2252 3027 2308 curasque»

302 2324 363 2376 et
401 2329 691 2395 corpora,
747 2334 806 2380 et
855 2322 1117 2382 Senecae
1154 2325 1362 2403 Agam.
1408 2330 1514 2385 176
1566 2333 1821 2401 pectora
1871 2328 2118 2385 solvisse
2171 2328 2396 2384 dicitur.
2478 2324 2700 2383 Eodem
2753 2324 3017 2382 Senecae

299 2408 431 2468 loco
484 2411 737 2471 Somnus
789 2415 917 2490 ipse
947 2436 1228 2476 curarum
1264 2419 1559 2492 domitor,
1608 2419 1760 2494 apud
1795 2416 2066 2476 Ovidium
2103 2416 2243 2478 Met.
2281 2416 2391 2476 XI.
2427 2420 2539 2478 623
2579 2411 2653 2475 ab
2691 2418 2843 2476 Iride
2892 2437 3018 2491 pax

304 2507 522 2576 animi,
575 2526 744 2582 quem
783 2526 930 2566 cura
964 2511 1168 2586 fugit.
1216 2524 1274 2569 et
1308 2511 1477 2569 Pont.
1519 2510 1567 2570 1.
1604 2513 1661 2587 2,
1701 2515 1776 2571 43
1833 2515 2070 2587 requies
2107 2512 2517 2588 medicinaque
2552 2511 2799 2587 publica
2837 2529 3018 2569 curae

306 2609 560 2654 vocatur.

447 2688 670 2747 Similis
712 2702 804 2748 est
825 2689 1113 2755 Mortis
1150 2698 1328 2768 ratio,
1379 2717 1556 2773 quam
1595 2698 1974 2774 antiquissimi
2004 2699 2127 2772 J'am
2182 2709 2388 2772 poetae
2443 2697 2813 2772 praedicant,
2865 2695 3019 2771 quod

299 2777 729 2859 quibuscunque
768 2784 920 2842 vitae
958 2785 1126 2842 malis
1159 2786 1383 2845 levatos
1422 2800 1658 2846 aeterna
1696 2791 1886 2864 quiete
1926 2808 2033 2846 nos
2071 2790 2177 2845 frui
2209 2787 2432 2863 J’ubaat,
2470 2785 3022 2862 vehementioribus·

301 2889 407 2945 que
459 2870 728 2932 fluctibus
778 2893 845 2932 ac
899 2875 1167 2949 procellis
1205 2880 1414 2937 misere
1451 2891 1697 2938 vexatos
1736 2882 1796 2937 in
1840 2891 2067 2956 portum
2109 2879 2467 2956 tranquillum
2505 2881 2774 2938 deducat.
2851 2877 3016 2948 Quae

297 2962 523 3037 quidem
575 2965 750 3024 virtus
802 2968 857 3024 ei
908 2987 1025 3026 ιιοιι
1062 2966 1476 3030 tribuiturnisi
1511 2970 1612 3030 ubi
1652 2976 1861 3030 mortui
1902 2984 2114 3030 statum
2152 2992 2219 3029 ac
2266 2973 2660 3031 conditionem
2706 2970 3020 3049 significat.

293 3049 603 3126 Propterea
655 3059 810 3134 quod
848 3062 1086 3118 mortuis
1136 3060 1327 3120 nullus
1381 3066 1607 3122 accedit
1649 3064 1844 3140 labor,
1924 3067 2066 3123 haec
2118 3067 2371 3139 ipsorum
2424 3066 2681 3122 conditio
2735 3061 3017 3140 Sophocli

293 3146 443 3219 apud
482 3145 646 3207 Stob.
691 3149 897 3209 CXIX
939 3150 1114 3213 beata
1148 3155 1393 3214 videtur:

925 3265 1049 3328 τοῖς
1083 3287 1187 3342 γαρ
1221 3265 1448 3344 &canova-c
1483 3266 1707 3342 μόχθος
1743 3269 1807 3324 ου’
1841 3273 2178 3344 προς-γίνεται

298 3382 485 3442 neque
523 3371 717 3429 minus
751 3371 1014 3451 Euripidi
1053 3379 1207 3452 apud
1244 3380 1524 3453 eundem,
1566 3392 1866 3454 propterea
1902 3379 2057 3457 quod
2097 3380 2350 3440 defuncti
2388 3379 2531 3440 nihil
2567 3391 2871 3460 aegrotant
2911 3398 3017 3436 nee

298 3453 449 3514 mala
485 3463 875 3534 experiuntur.

923 3584 1010 3646 τίς
1044 3581 1087 3638 δ’
1103 3578 1266 3653 οἶδεν,
1307 3585 1356 3641 sl
1393 3582 1501 3663 ζῆν
1536 3582 1712 3652 τοῦθ’,
1751 3583 1782 3641 ὃ
1817 3584 2072 3660 κέκληται
2108 3582 2279 3642 &ausi
2279 3605 2328 3656 ν,

919 3675 987 3732 ro*
1022 3673 1147 3752 ζῆν
1168 3676 1228 3733 δὲ
1262 3675 1519 3752 θνήσκειν
1556 3679 1693 3749 ἐσῆς
1726 3676 1872 3750 πλήν
1911 3676 2058 3750 ὅμως
2091 3678 2312 3754 βροτῶν

889 3811 902 3825 ,ι
917 3767 1160 3823 νοσοῦσιν
1192 3767 1240 3824 οἱ
1276 3768 1602 3844 βλέποντες,
1644 3768 1692 3824 οἱ
1736 3766 1779 3824 δ’
1797 3767 2064 3833 ὅλωλότες

929 3856 1082 3917 οὐδὲν
1112 3858 1372 3931 νοσοῦσιν,
1411 3856 1534 3917 οὐδὲ
1570 3862 1857 3937 κέκτηνται
1894 3861 2055 3921 κακοί.
