3379 4174
1637 144 1709 222 ’⁴6

323 343 554 401 hilarius
593 335 1012 419 transigentem
1052 343 1268 421 iisque,
1329 360 1476 419 quas
1509 341 1652 399 hora
1685 342 1957 418 porrigit,
2011 340 2337 398 commodis
2388 358 2455 395 ac
2495 338 2719 397 deliciis
2748 341 3049 412 fruentem,

322 434 599 491 Horatius
633 453 765 490 vere
808 441 1012 493 censet
1051 453 1271 508 sapere.
1360 432 1522 491 Mors
1560 453 1728 506 vero,
1778 435 1945 507 cujus
1981 431 2176 490 fatalis
2215 432 2539 489 necessitas
2576 432 2650 487 ad
2688 452 2889 490 omnes
2926 453 3052 507 per·

323 527 488 595 tinet,
523 543 657 582 cum
695 524 843 583 hanc
881 526 1064 598 ipsam
1103 527 1256 582 vitae
1293 543 1557 598 usuram,
1612 543 1756 600 quae
1807 523 1976 582 nobis
2026 542 2306 581 concessa
2359 535 2469 597 est,
2507 542 2813 596 paucorum
2850 524 3052 582 admo·
3138 537 3144 538 ⁷

322 619 465 674 dum
502 618 724 674 dierum
764 616 1051 674 summula
1088 617 1618 690 circumscripserit,
1673 635 1782 672 nos
1823 614 2092 673 omnibus
2131 618 2228 689 iis,
2267 635 2409 692 quae
2451 621 2585 672 sunt
2623 612 2778 684 bona
2812 615 2875 670 in
2915 617 3053 688 vita,

274 768 278 772 ,
322 711 500 766 exuit.
578 708 824 764 Horatio
861 709 1041 785 igitur
1082 704 1376 784 significat
1416 725 1566 762 nunc
1608 706 1842 781 Μοῖραν,
1883 708 2064 764 diram
2098 707 2200 765 leti
2238 707 2699 778 Necessitatem,
2752 725 2900 761 nunc
2936 707 3054 762 dis-

321 819 549 855 cessum
603 814 680 855 ex
727 801 985 873 jucunda
1036 799 1145 853 hac
1189 800 1322 854 vita.
1404 795 1668 873 Utraque
1705 817 1838 853 vero
1879 819 1956 855 ex
1995 811 2154 872 parte
2194 801 2315 855 dira
2352 818 2420 854 ac
2455 783 2688 853 funesta
2714 798 2954 869 videtur,
2993 810 3053 853 et

319 884 450 947 huic
491 909 630 947 suae
670 896 911 947 naturae
945 891 1355 949 convenienter
1392 889 1763 966 depingenda
1799 902 1937 948 erat.
1977 920 2047 932 —
2090 890 2311 946 Statius
2348 888 2591 964 denique
2632 900 2691 945 et
2730 886 2907 945 Silius
2943 885 3050 944 sub

319 994 502 1055 tetra,
561 1000 732 1058 quam
774 978 1085 1054 exhibent,
1143 978 1350 1039 Mortis
1404 967 1656 1058 imagine
1707 977 1954 1057 intelligi
2008 979 2203 1038 volunt
2243 978 2446 1056 Κῆρας,
2487 979 2543 1038 h.
2583 999 2636 1038 e.
2682 997 2888 1037 causas
2923 977 3048 1049 leti,

321 1075 414 1132 cui
464 1073 828 1131 decertantes
890 1072 950 1130 in
1000 1070 1223 1147 proelio
1286 1069 1527 1131 obnoxii
1579 1083 1748 1141 sunt,
1809 1091 1953 1148 quae
2009 1091 2142 1129 cum
2192 1070 2477 1131 violentae
2532 1084 2592 1130 et
2630 1068 2871 1130 acerbae
2911 1071 3048 1143 sint,

316 1163 578 1225 tristibus
631 1184 699 1222 ac
757 1163 1058 1240 horrendis
1128 1161 1476 1240 imaginibus
1544 1167 1702 1219 recte
1775 1160 2201 1222 adumbrantutn
2266 1195 2341 1206 —
2411 1163 2564 1220 Hinc
2640 1160 2915 1235 efficitur,
2984 1171 3050 1234 ut

318 1268 551 1330 poetae,
578 1276 703 1312 cum
744 1256 991 1328 tristem,
1027 1267 1281 1311 atrocem
1320 1266 1379 1310 et
1410 1255 1727 1309 immanem
1764 1250 2060 1331 finxerint,
2099 1252 2330 1329 Θανάτῳ
2368 1252 2459 1330 vel
2498 1253 2705 1328 Μοίρας
2742 1252 2831 1309 vel
2858 1251 3049 1327 Κηροῖἲν

318 1346 407 1404 vel
441 1347 719 1404 decessus
760 1366 841 1402 ex
875 1346 984 1403 hac
1024 1347 1141 1404 vita
1192 1347 1485 1403 notionem
1551 1346 1996 1421 supposuerint,
2052 1358 2112 1403 et
2161 1344 2513 1425 imaginibus
2568 1342 3044 1424 significaverint,

318 1460 539 1516 quae
514 1439 717 1495 Somni
759 1440 1194 1515 consanguineo
1234 1457 1352 1494 non
1391 1440 1753 1496 conveniant

467 1532 575 1587 Est
615 1543 807 1586 tamen
844 1529 1092 1585 Hesiodi
1126 1528 1314 1600 locus,
1349 1526 1576 1605 Theog.
1616 1533 1742 1586 755
1785 1548 1913 1605 sqq
1901 1571 1936 1603 ,
1985 1530 2082 1605 qui
2119 1527 2266 1585 hanc
2306 1540 2558 1586 nostram
2596 1529 2913 1585 orationem
2959 1545 3048 1582 re-

318 1622 504 1680 futare
540 1623 775 1678 videtur.
837 1619 980 1696 Agit
1016 1622 1072 1676 is
1109 1620 1182 1676 de
1220 1620 1437 1677 Somno
1474 1619 1798 1696 Mon-teque,
1842 1619 2029 1678 Nocte
2073 1633 2251 1677 matre
2293 1622 2483 1677 editis.
2567 1618 2871 1695 Utriusque
2912 1638 3049 1675 con-

321 1714 638 1790 sanguinei,
674 1723 934 1769 naturam
978 1709 1348 1784 describens,
1401 1710 1642 1770 alterum
1683 1712 1823 1769 dicit
1861 1731 1911 1767 v.
1947 1714 2078 1770 761.
2137 1719 2380 1785 „terras
2428 1715 2737 1786 mariaque
2787 1715 3048 1786 quietum

319 1824 672 1882 percurrere
711 1816 770 1861 et
799 1803 1117 1879 placidum
1154 1803 1567 1873 hominibus“‚·
1622 1805 1826 1862 mortis
1863 1823 1995 1862 vero
2037 1805 2350 1882 imaginem
2395 1802 2764 1881 sequentibus
2804 1803 2894 1860 his
2933 1822 3053 1859 ver-

323 1895 484 1954 sibus
522 1893 794 1954 exhibetz
2187 1916 2192 1921 ·

918 2044 1016 2098 τοῢ
1054 2043 1112 2099 δὲ
1152 2044 1366 2119 σιδηρέη
1402 2045 1505 2114 μὲν
1542 2042 1752 2120 κραδίη,
1787 2042 2037 2115 χάλκεον
2075 2042 2135 2098 δὲ
2172 2043 2222 2098 οἴ
2253 2036 2381 2117 ἦτορ

920 2132 1131 2207 Νηλεὲς
1168 2136 1226 2190 ἐν
1263 2133 1576 2209 στήθεσσιν.
1615 2134 1737 2206 ἔχει
1777 2134 1822 2189 δ’
1861 2131 1922 2189 ὅν
1959 2133 2151 2208 πρῶτα
2185 2132 2424 2209 λέβησιν

921 2223 1275 2300 ’Adpetis-mv.
1315 2224 1540 2304 ἐχθρός·
1566 2225 1625 2281 δὲ
1662 2225 1752 2281 καὶ
1790 2222 2108 2281 οἱθανέτοισι
2142 2222 2364 2283 &affictam

319 2371 493 2430 Haud
527 2370 726 2448 liquet,
765 2391 884 2448 quo
911 2373 1043 2446 jure
1084 2373 1352 2447 Θοίνατος,
1391 2393 1517 2431 cum
1555 2372 1884 2430 hominibus
1925 2385 2043 2431 tum
2082 2373 2195 2429 diis
2235 2374 2489 2445 invisus,
2530 2373 2625 2429 cui
2663 2372 2910 2430 ferreum
2948 2393 3047 2430 cor

322 2469 637 2537 pectusque
683 2481 924 2520 aeneum
974 2476 1034 2521 et
1084 2464 1315 2521 crudele
1364 2477 1486 2539 est,
1543 2464 1903 2541 Somnusque
1954 2465 2046 2521 hic
2087 2464 2422 2540 tranquillus
2460 2462 2898 2541 hominibusque
2928 2465 3049 2538 pla-

321 2555 489 2613 cidus
528 2554 798 2612 dicantur
834 2558 1272 2633 consanguinei,
1310 2575 1441 2614 cum
1475 2559 1596 2616 sint
1632 2565 1758 2615 toto
1797 2566 2010 2633 genere
2050 2557 2277 2615 diversi.
2368 2554 2563 2613 Causa
2600 2569 2710 2628 est,
2749 2557 2899 2632 quod
2939 2557 3047 2615 hac

318 2643 526 2704 Mortis
568 2647 824 2724 imagine
862 2646 1012 2705 haud
1057 2649 1285 2724 quidem
1323 2650 1535 2706 mortui
1573 2654 1784 2706 statum
1835 2669 1903 2705 ac
1956 2649 2350 2706 conditionem
2402 2658 2577 2722 poeta
2615 2647 2734 2706 vult
2776 2648 3046 2725 intelligi,

321 2738 426 2795 sed
466 2749 568 2794 aut
602 2739 885 2796 moriendi
922 2741 1357 2811 necessitatem,
1403 2752 1501 2797 aut
1539 2737 1778 2798 acerbas
1815 2738 2212 2817 violentasque
2250 2739 2354 2797 leti
2392 2758 2631 2813 causas,
2669 2751 2766 2796 aut
2799 2741 3046 2817 denique

323 2829 629 2886 decessum
679 2849 758 2886 ex
812 2829 921 2887 hac
977 2832 1110 2889 vita.
1185 2828 1437 2893 Θάνατος
1488 2832 1664 2907 igitur
1714 2831 1825 2889 hoc
1874 2831 2007 2889 loco
2047 2834 2514 2908 consanguineus
2550 2830 2750 2888 Somni
2788 2837 2881 2889 est
2917 2850 3045 2906 pro·

321 2929 539 2992 pterea,
581 2920 731 2996 quod
771 2922 977 2979 eadem
1012 2934 1193 2979 matre
1230 2923 1372 2978 editi
1409 2929 1562 2980 suut.
1613 2921 1707 2980 Ad
1743 2921 1850 2978 has
1889 2919 2113 2978 natales
2151 2921 2446 2981 Hesiodus
2480 2924 2651 2979 unice
2688 2923 3047 2998 respexisse,

319 3032 427 3069 nec
461 3032 594 3068 vero
632 3032 733 3085 pro
770 3011 1040 3070 fratribus
1075 3011 1439 3087 οἷλληγορικως
1514 3032 1630 3070 eos
1654 3011 1929 3071 habuisse
1963 3015 2198 3104 videtur.

470 3104 604 3161 Jam
641 3123 776 3160 vero
814 3102 1250 3179 quibusdam
1302 3104 1533 3176 locis,
1592 3103 1691 3161 ubi
1727 3105 1839 3163 hoc
1878 3107 2108 3163 nomine
2145 3106 2523 3175 inveniuntur,
2575 3104 2832 3163 allatis
2868 3124 3048 3178 expo-

324 3212 559 3268 namus,
609 3213 755 3270 quo
790 3212 1019 3252 sensu
1069 3193 1395 3259 Θάνατος
1448 3198 1702 3268 poetis
1755 3196 2048 3255 dicatur
2100 3194 2357 3253 Somni
2408 3197 3046 3277 consanguineuS,

324 3287 589 3361 denique,
653 3286 1021 3369 qpomodo
1063 3287 1134 3343 -in
1192 3286 1333 3344 hoc
1373 3293 1891 3346 commentum
1954 3289 2373 3346 inciderint
2426 3294 2709 3360 poetae.

469 3375 727 3453 Insignis
782 3389 875 3434 est
927 3376 1173 3436 Homeri
1225 3378 1388 3436 locus
1422 3378 1489 3438 ΙΙ.
1531 3379 1696 3437 XVI.
1736 3383 1850 3438 672
1884 3393 1944 3438 et
1983 3383 2112 3439 682.
2184 3379 2354 3438 Circa
2406 3379 2757 3454 Sarpedonis
2815 3399 3044 3453 corpuS,

323 3468 453 3525 telis
489 3467 856 3539 transfixum,
895 3473 1200 3546 sanguine,
1236 3471 1460 3545 pulvere
1480 3479 1562 3531 tet
1598 3471 1862 3549 squalore
1907 3471 2178 3546 obsitum,
2217 3494 2266 3531 v,
2285 3474 2396 3533 638
2432 3492 2562 3550 sqq.
2603 3480 2773 3531 atrox
2813 3475 3047 3530 dimica-

322 3564 406 3619 tio
444 3563 634 3618 oritur.
708 3560 913 3619 Achivi
949 3563 1188 3621 tandem
1227 3562 1414 3637 spolia
1452 3565 1508 3621 ei
1545 3564 1848 3622 detrahunt
1880 3584 1930 3621 v.
1956 3567 2085 3625 663.
2159 3562 2324 3623 Nunc
2354 3565 2582 3622 demum
2619 3564 2854 3640 Apollo,
2893 3585 3045 3622 mor-

323 3656 405 3709 tui
447 3671 678 3726 corpus,
714 3671 864 3730 aqua
903 3654 1116 3727 lotum,
1153 3662 1387 3715 unctum
1424 3654 1798 3735 vestibusque
1842 3656 2159 3732 splendidis
2195 3656 2528 3728 involutum,
2565 3676 2602 3714 a
2637 3657 2780 3714 Jove
2810 3655 3047 3733 jubetur

322 3746 544 3803 tradere
