3379 4174
1675 180 1722 247 3

329 396 434 447 eos
494 376 770 453 appeltam
844 378 948 438 2st
1005 379 1342 444 zobessbotm,
1397 383 1469 437 bie
1514 383 1808 444 eteilenben,
1873 380 2124 446 tibtticben
2182 375 2554 450 ffietbcingniffe.
2640 378 2851 437 Earum
2906 380 3044 432 ima-

327 469 520 543 ginem
577 470 818 526 vividam
871 468 1137 545 quidem,
1191 474 1254 526 at
1289 468 1628 528 horrendam
1672 468 1746 528 ab
1781 469 2043 529 Hesiodo
2088 481 2147 527 ct
2185 465 2440 526 Homero
2481 458 2833 547 descriptam
2869 464 3046 525 habe·

327 580 478 632 mus,
516 559 675 618 Scut.
708 561 884 619 Herc.
924 563 1031 619 156
1071 580 1192 636 sqq.
1223 561 1315 618 his
1355 559 1577 619 verbist

846 660 855 673 ’
1075 705 1146 713 -
1299 704 1371 714 --
1522 706 1594 714 -
1744 678 1803 731 ἐν
1842 674 1888 730 δ’
1934 672 2060 750 ὀλοή
2103 673 2241 749 Κήρ,

909 762 1123 820 Ἀλλον
1146 760 1292 841 ζωόν
1330 764 1542 838 ’έχουσα
1577 766 1879 833 νεούτατον,
1920 765 2089 822 ἄλλον
2126 765 2319 823 ἄουτον

908 852 1119 911 ’Άλλον
1149 853 1465 927 τεθνέιωτα,
1506 855 1650 914 κατα
1677 856 1852 927 μόθον
1880 858 2007 914 ἑλκε
2040 857 2245 914 meatu

914 938 1073 1015 Εἷμα
1113 946 1161 1004 δ’
1193 944 1285 1020 ’ἔχ’
1309 945 1459 1019 οἷμφ)
1498 947 1682 1018 ὤμοισι
1717 949 2006 1020 δαφοΙνεον
2045 950 2237 1019 αἵματι
2273 949 2480 1020 φωτῶν

921 1037 1107 1094 Δεινόν
1141 1037 1770 1117 &spumam-mmmm
1807 1061 1869 1097 τε
1909 1040 2220 1116 βεβριθιῗια
2259 1075 2330 1083 -

322 1128 644 1204 iisdemque
677 1127 799 1184 fere
839 1127 1026 1185 verbis
1065 1129 1134 1188 ΙΙ.
1162 1130 1384 1189 XVIII.
1416 1137 1546 1191 535.
1585 1152 1710 1209 sqq.
1774 1132 2058 1190 Atrociori
2103 1137 2273 1190 etiam
2311 1144 2479 1209 atque
2517 1130 2764 1187 foediori
2804 1139 3038 1199 aspectu

321 1221 472 1293 apud
508 1221 752 1277 eundem
789 1220 1111 1279 Hesiodum
1146 1224 1508 1281 inveniuntur
1545 1226 1606 1281 in
1642 1225 1798 1283 Scut.
1838 1225 2010 1284 Herc.
2050 1227 2183 1283 248.
2227 1244 2348 1301 sqq.
2426 1222 2628 1300 Neque
2662 1216 2828 1278 aliter
2871 1237 3037 1295 quam

319 1332 353 1368 a
389 1313 612 1384 poetiS‚
662 1310 735 1370 ab
776 1324 1008 1369 auctore
1047 1333 1213 1371 arcae
1252 1313 1483 1387 Cypseli
1521 1314 1657 1389 κῆρα
1694 1313 1891 1373 fictam
1932 1306 2086 1390 esse,
2127 1314 2442 1373 Pausanias
2479 1313 2791 1372 memoriae
2841 1310 3037 1385 prodi·

315 1403 401 1461 dit
435 1402 508 1474 V,
551 1404 651 1462 191
719 1404 839 1462 Τοῦ
873 1403 1240 1469 Πολυνείκους
1275 1406 1335 1462 δὲ
1370 1405 1595 1463 ὄπισθεν
1631 1406 1858 1481 ἔστηκεν
1899 1413 2025 1480 (sc.
2066 1406 2212 1483 κήρ)
2249 1406 2468 1469 ὀδόντας
2509 1425 2574 1462 τι
2616 1404 2829 1478 ’έχουσα
2886 1401 3037 1457 οὐδὲν

316 1494 681 1583 ἦμερωζέρους
724 1496 936 1570 θηρίου,
985 1497 1074 1553 καὶ
1126 1499 1174 1553 οἱ
1227 1500 1314 1554 καὶ
1364 1498 1473 1554 τῶν
1529 1499 1731 1572 χειρῶν
1766 1498 1904 1554 εἰσίν
1942 1501 2271 1569 ἐπικαμπεῖς
2328 1499 2377 1555 οῖ
2424 1497 2639 1569 ὄνυχες.
2712 1497 3033 1568 ἐπίγραμμα

318 1585 377 1640 δὲ
419 1585 502 1641 ἐπ’
544 1584 683 1661 αὐτῇ
718 1581 857 1643 εἶναι
897 1586 1044 1657 φασὶ
1082 1589 1234 1663 κῆρα.
1251 1589 1298 1663 ¹)

463 1677 574 1733 His
615 1690 809 1734 autem
845 1679 991 1736 locis
1025 1682 1182 1755 κῆρες
1214 1701 1329 1736 non
1368 1700 1471 1735 eas
1509 1699 1720 1736 causas
1758 1678 2110 1756 significant,
2124 1677 2333 1756 quibus
2369 1698 2570 1735 omnes
2603 1680 2864 1736 homines
2904 1697 3031 1750 pro·

318 1770 534 1824 miscuo
575 1769 951 1836 occumbunt;
1002 1774 1108 1829 sed
1150 1791 1342 1829 earum
1380 1774 1540 1829 notio
1578 1774 1651 1828 ad
1685 1790 1788 1827 eas
1824 1774 2217 1849 restringitur,
2274 1770 2495 1848 quibus,
2546 1773 2639 1847 qui
2673 1772 2735 1827 in
2775 1770 2901 1826 acie
2945 1770 3032 1825 di-

319 1862 550 1933 micant,
589 1860 688 1919 alii
726 1862 877 1935 aliis,
916 1871 979 1922 at
1015 1867 1247 1922 omnino
1287 1863 1511 1922 acerbis
1548 1876 1609 1931 et
1642 1862 1910 1920 violentis
1948 1862 2304 1925 occumbunt.
2369 1862 2532 1934 Quae
2565 1864 2799 1941 quidem
2836 1879 3030 1918 earum

316 1955 518 2027 notio,
559 1956 690 2032 quia
727 1958 1050 2031 teterrima,
1106 1959 1308 2015 eadem
1346 1964 1439 2015 est
1476 1958 1904 2034 antiquissima,
1960 1968 2095 2014 nata
2131 1957 2386 2031 profecto
2427 1968 2718 2031 tempore,
2757 1952 2830 2012 ab
2869 1955 3026 2011 omni

319 2045 688 2104 humanitatis
741 2056 918 2105 sens'u
956 2048 1181 2122 alieno,
1237 2051 1328 2105 cui
1366 2049 1708 2106 foedissima
1764 2067 2027 2124 quaeque
2066 2051 2274 2106 victum
2314 2052 2375 2105 in
2412 2049 2638 2106 hostem
2671 2047 2834 2104 licita
2870 2045 3029 2101 vide-

319 2135 539 2194 bantur.
627 2135 915 2196 Mitiorem
951 2159 1126 2214 sane,
1181 2152 1375 2212 utpote
1439 2147 1629 2197 aetate
1683 2141 1884 2197 seriori
1937 2139 2282 2212 profectam,
2338 2141 2448 2195 τῶν
2481 2139 2659 2217 κῃραῗν
2711 2138 3029 2215 imaginem

317 2227 558 2287 exhibet
594 2228 970 2288 Mimnermus
1007 2230 1199 2297 (Anal.
1238 2223 1330 2288 B'r.
1368 2230 1437 2297 1.)
1477 2231 1639 2310 Eleg.
1677 2230 1751 2289 11.
1788 2236 1844 2289 5.
1929 2231 2080 2288 Sunt
2134 2233 2315 2305 duae,
2373 2250 2611 2309 quarum
2648 2229 2831 2286 altera
2867 2230 3027 2288 τέλος

317 2320 531 2394 γήραος,
572 2320 751 2393 altera
788 2335 1028 2378 mortem
1057 2323 1346 2379 adducere
1385 2324 1611 2380 dicitur.
1688 2323 1799 2380 His
1836 2322 2025 2379 verbis
2060 2321 2272 2395 altera,
2324 2341 2491 2398 quam
2528 2324 2850 2393 sustinent,
2893 2340 3026 2391 pars

317 2413 665 2478 continetur3
699 2414 976 2472 denotant
1013 2415 1165 2470 enim
1202 2431 1411 2471 causas
1450 2415 1650 2471 mortis
1686 2412 2009 2486 naturales,
2041 2418 2110 2485 ‘et
2144 2412 2252 2470 has
2291 2414 2515 2491 quidem
2552 2410 2822 2483 acerbas,
2871 2411 3021 2470 haud

317 2516 506 2562 tamen
543 2504 844 2564 violentas,
929 2503 1329 2565 Attribuuntur
1358 2507 1467 2576 iis,
1515 2506 1614 2582 qui
1650 2504 1801 2563 haud
1836 2506 2052 2579 impetu
2084 2503 2314 2573 hostili,
2369 2524 2555 2582 neque
2593 2506 2653 2562 in
2685 2522 2887 2581 pugna
2924 2504 3024 2561 de-

318 2603 625 2670 certanteS,
672 2598 775 2655 sed
814 2617 922 2656 sua
943 2603 1142 2656 -morte
1182 2598 1508 2678 moriuntur.

465 2691 770 2753 Praeterea
823 2692 997 2748 morti
1049 2692 1204 2759 inest
1257 2692 1416 2749 notio
1475 2691 1872 2748 discessus
1927 2686 2012 2746 ab
2051 2690 2193 2764 iis,
2250 2709 2431 2765 quae
2483 2698 2656 2750 sunt
2705 2688 2892 2749 bona
2947 2693 3022 2748 in

319 2786 501 2849 vita3
554 2784 1040 2860 migrationis
1096 2784 1169 2838 in
1224 2801 1354 2838 eas
1408 2801 1609 2852 oraS,
1659 2801 1875 2858 quas,
1931 2784 2050 2857 qui
2105 2800 2138 2836 e
2174 2782 2324 2837 vita
2358 2795 2881 2855 excesserunt,
2922 2784 3023 2839 in·

317 2874 611 2946 colunt,
668 2872 1040 2931 obscuras
1090 2884 1162 2930 et
1212 2874 1674 2951 incognitas,
1741 2871 1944 2944 ,Quam
1982 2892 2107 2929 cum
2141 2885 2384 2953 poetae,
2424 2885 2547 2930 tum
2586 2870 2879 2946 artifices,
2923 2871 3022 2930 alii

316 2965 445 3025 aliis
493 2965 844 3044 imaginibus
896 2964 1220 3040 declarant,
1273 2985 1325 3024 v.
1378 2985 1428 3025 c.
1480 2971 1643 3039 raptu
1680 2964 1849 3035 Orci,
1906 2962 2248 3043 migratione
2302 2952 2362 3022 i'n
2414 2965 2589 3024 aedes
2640 2963 2734 3023 vel
2782 2984 3024 3041 regnum

314 3056 576 3128 Hadis.²)
778 3048 786 3052 ’
2069 3060 2071 3063 ’

461 3147 726 3224 Denique
768 3168 925 3209 mors
965 3147 1257 3227 significat
1292 3151 1562 3208 mortui
1613 3150 1885 3207 statum
1936 3160 2152 3225 atque
2203 3147 2760 3220 conditionem,
2812 3148 3022 3224 quie-

314 3249 459 3299 tem
514 3260 641 3300 cor
655 3243 865 3313 poris
919 3242 1364 3319 exsanguis.
1433 3240 1597 3299 Haec
1636 3241 1950 3314 respiciens
1988 3243 2296 3318 antiquitas
2333 3237 2585 3297 Mortem
2623 3237 3021 3316 Somnumque

315 3333 777 3409 consanguineos
823 3334 980 3391 fecit.
2538 3359 2569 3393 α

458 3441 588 3500 Hae
637 3443 836 3500 mortis
887 3442 1158 3500 notiones
1197 3443 1450 3499 interne
1487 3459 1721 3515 prorsus
1761 3440 2017 3498 diversae
2055 3440 2297 3522 ideoque
2335 3438 2409 3499 ab
2448 3442 2857 3520 antiquissima
2892 3444 3021 3527 qui·

311 3535 445 3592 dem
500 3538 693 3592 aetate
749 3528 1066 3592 accuratius
1122 3535 1429 3595 distinctae
1484 3553 1591 3592 nec
1647 3534 1855 3591 iisdem
1906 3530 2144 3591 vocibus
2183 3544 2243 3590 et
2286 3532 2638 3611 imaginibus
2677 3534 3020 3609 descriptae,

370 3735 420 3791 1)
489 3731 660 3780 Minus
690 3743 828 3782 recte
856 3736 1091 3786 Kuhnius
1122 3736 1206 3786 hic
1236 3721 1375 3798 κῆρα
1415 3737 1641 3799 explicat
1698 3743 1950 3796 „mortem
1981 3736 2237 3793 fatalem‚“
2284 3737 2476 3786 rectius
2540 3738 2757 3792 suidas,
2804 3737 2885 3786 cui
2940 3747 3014 3795 est

485 3792 871 3871 θανατηφόρος
905 3803 1091 3874 μοῖρα,
1125 3830 1219 3862 nec
1258 3795 1500 3866 θάνατος
1534 3802 1901 3873 τετρωμένος.

369 3885 429 3946 2)
489 3885 567 3934 Cf.
606 3886 808 3936 Herder
842 3889 875 3936 1.
910 3905 953 3936 c.
986 3905 1036 3952 p.
1069 3903 1115 3951 5.
1180 3891 1495 3941 Siebenkees
1526 3889 1798 3938 Archaeol.

794 4117 825 4137 N
