3379 4174
1609 139 1654 207 7

788 384 792 387 ⁴
848 335 1040 410 ’Ὕπνῳ
1079 336 1168 391 καὶ
1206 335 1437 414 (daniz-cp
1474 336 1796 410 διδυμάοσιν,
1832 337 1879 393 δι
1913 335 1983 411 ρΞ
2018 355 2106 405 μιν
2147 329 2262 392 «ixx

868 427 1107 499 &n'o’ovo'
1148 430 1207 483 ἐν
1245 426 1456 500 Λυκίης
1492 427 1700 503 εὐρεζης
1735 428 1880 484 πίονι
1920 427 2089 501 δήμῳ,

277 544 430 618 quod
486 543 660 598 enixe
712 539 1048 614 exsequitur
1088 536 1347 595 versibus
1392 557 1525 616 sqq.
1618 538 2102 617 consanguineos
2159 555 2264 595 eos
2318 536 2456 594 dicit
2505 538 2675 594 etiam
2733 538 2996 614 Orpheus

281 635 335 691 h.
377 630 721 691 LXXXIV.
762 631 848 688 8.:

653 739 658 744 ’
872 738 1347 814 Αύτοκασίγνητος
1378 739 1481 816 -γσέρ
1517 739 1660 812 ’ἔφυς
1693 740 1888 815 Λήθης
1926 740 2177 797 Θανοίτου
2220 758 2284 794 τε

276 875 384 912 nec
424 873 540 911 non
577 850 878 929 Virgilius,
924 850 1067 908 Aen.
1106 849 1241 909 VL:
1306 854 1496 925 „Tum
1552 856 2026 927 consanguineus
2066 853 2177 909 leti
2212 850 2467 925 sopor“;
2522 870 2691 927 porro
2749 852 2993 926 Seneca,

275 947 374 1021 qui
424 947 487 1026 ip
539 944 711 1003 Herc.
753 944 856 1000 fur.
914 943 1191 1002 Somnum
1243 944 1327 1000 sic
1380 945 1632 1001 invocat
1708 945 1955 1018 „frater
2007 943 2198 1001 durae
2246 943 2538 1017 languide
2591 947 2859 1005 Mortis“
2936 963 2994 1003 et

277 1039 423 1096 Stat.
465 1035 649 1095 Theb.
689 1036 760 1094 V.
802 1038 927 1093 197.

404 1127 580 1197 'Quo
640 1146 875 1190 sensu
914 1119 1250 1188 ’Θάνατος
1301 1128 1600 1184 dicatur
1653 1126 1910 1184 Somni
1957 1130 2607 1204 consanguineus,
2659 1129 2835 1187 docet
2870 1130 2992 1187 Ho-

274 1238 484 1278 meruS.
565 1220 688 1289 Qui
725 1238 855 1276 cum
892 1215 1191 1274 multorum
1231 1214 1449 1302 obitum
1487 1230 1706 1290 narret,
1765 1215 1871 1274 sub
1921 1220 2075 1274 varia
2113 1220 2306 1291 specie
2347 1216 2598 1274 Θάνατον
2638 1221 2825 1277 aciem
2868 1240 2992 1294 per-

270 1313 457 1368 errare
508 1309 659 1369 facit
708 1308 966 1385 aliosque
1021 1306 1187 1365 aliter
1214 1297 1458 1384 rapere3
1514 1328 1620 1395 nec
1674 1320 1869 1366 tamen
1926 1327 2178 1386 unquam
2227 1307 2336 1366 hoc
2389 1310 2450 1367 in
2491 1310 2728 1386 negotio
2785 1309 2991 1369 Somni

267 1404 759 1480 consanguineum
802 1398 1064 1474 appellat.
1131 1398 1479 1472 Sarpedonis
1519 1421 1650 1474 vero
1695 1402 1853 1457 caesi
1892 1421 2102 1475 corpus
2155 1421 2456 1478 exsangue
2507 1398 2605 1458 ubi
2658 1400 2837 1459 lotum
2889 1425 2992 1461 un—

264 1502 535 1571 ctumque
591 1507 649 1551 et
685 1492 937 1550 vestibus
989 1489 1344 1549 coelestibus
1395 1492 1651 1548 indutum
1690 1492 1803 1563 sit,
1859 1489 2035 1548 Morti
2076 1491 2406 1567 Somnoque
2447 1479 2720 1566 traditur,
2793 1497 2889 1570 qui
2926 1498 2985 1552 in

264 1585 507 1659 patriam
552 1585 612 1641 id
666 1584 973 1641 deducant.
1063 1581 1232 1640 Nunc
1288 1583 1523 1672 demum
1578 1583 1838 1639 dicuntur
1893 1585 2328 1658 consanguinei.
2421 1580 2515 1642 Ad
2570 1582 2982 1656 Sarpedonem,

267 1679 380 1753 qui,
420 1696 545 1733 cum
600 1674 775 1757 Κῆρες
826 1675 1028 1732 oculos
1068 1694 1397 1751 corpusque
1437 1676 1562 1748 ejus
1601 1673 1928 1744 solvissent,
1969 1674 2038 1747 τῆ
2073 1672 2253 1749 Μοίρᾳ
2280 1675 2444 1749 justa
2481 1674 2849 1748 persolverat,
2891 1697 2984 1734 ac-

267 1770 421 1827 cedit
461 1766 727 1841 Θοὶνσιτος,
761 1765 866 1844 qui
897 1769 1072 1845 igitur
1110 1779 1241 1824 tunc
1283 1767 1507 1824 demum
1560 1764 1760 1823 Somni
1810 1767 2280 1843 consanguineus
2333 1768 2570 1841 dicitur,
2625 1766 2726 1825 ubi
2779 1773 2987 1828 mortui

267 1880 510 1935 corpuS,
564 1861 738 1916 animi
776 1858 1157 1916 dissolutione
1188 1860 1316 1932 jam
1353 1858 1543 1931 facta,
1591 1858 1753 1931 jacet
1793 1877 2132 1933 exsangue,
2187 1854 2502 1933 placidum,
2555 1862 2681 1917 sine
2720 1874 2877 1918 motu
2916 1883 2986 1919 ac

267 1954 490 2026 spiritu,
532 1951 885 2007 efferendum
923 1952 982 2006 in
1022 1949 1228 2021 locum,
1269 1970 1376 2025 quo
1416 1952 1688 2026 quiescat.
1771 1947 1923 2006 Tum
1962 1969 2095 2005 vero
2136 1948 2295 2006 Mors
2336 1952 2587 2026 quietum
2630 1954 2837 2009 mortui
2869 1968 2988 2011 sta-

265 2059 378 2100 tum
421 2063 487 2100 ac
528 2044 918 2099 conditionem
954 2038 1266 2116 significat,
1313 2042 1550 2116 ejusque
1591 2043 1781 2117 imago
1822 2061 1888 2097 ac
1926 2040 2297 2098 simulacrum
2337 2042 2592 2099 Somnus
2632 2051 2741 2100 est.
2800 2044 2980 2112 Quod

264 2136 422 2191 idem
475 2131 944 2208 docetrGorgias
993 2129 1343 2203 Leontinus,
1400 2133 1529 2207 qui,
1568 2143 1766 2189 morte
1810 2133 1938 2206 jam
1994 2133 2361 2205 imminente,
2414 2130 2627 2189 viribus
2678 2133 2983 2197 deficiens,

261 2226 476 2282 sensim
511 2226 572 2280 iu
616 2241 873 2280 somnum
913 2221 1184 2294 delapsus
1216 2219 1469 2296 jacebat.
1549 2223 1626 2280 Et
1680 2224 1732 2279 si
1781 2224 1915 2299 quis
1964 2224 2148 2296 ipsum
2186 2242 2265 2280 ex
2310 2222 2686 2281 familiaribus
2737 2227 2983 2284 interro-

258 2328 451 2393 garet,
497 2315 630 2392 quid
685 2326 915 2390 ageret,
970 2311 1391 2385 respondebatt
1467 2312 1565 2387 ἤδη
1621 2315 1691 2382 μὲ
1745 2312 1772 2369 ὁ
1812 2312 1978 2375 ὕπνος
2032 2313 2266 2387 ἄρχεται
2299 2314 2847 2388 ταρακατατίθεςθαι
2905 2320 2983 2393 τῷ

260 2406 506 2481 ἀδελφῷ.
619 2402 811 2473 Quare
896 2424 1012 2462 non
1087 2405 1200 2461 nisi
1289 2403 1650 2479 οὶλληγορικιῖἲς
1732 2405 1991 2462 dicuntur
2064 2404 2292 2464 fratres.
2419 2405 2727 2474 Quietis
2804 2424 2981 2466 sunt

258 2501 495 2574 signa.
607 2495 791 2555 Vita
878 2496 1304 2553 defunctum
1391 2497 1466 2552 in
1551 2497 2025 2572 gratissimae
2104 2497 2380 2573 quietis
2465 2500 2779 2571 patriam
2851 2502 2979 2559 de·

256 2582 532 2647 ducunt
597 2586 1220 2663 prohibentque,
1307 2608 1440 2664 quo
1508 2589 1743 2644 minus
1816 2588 2001 2664 quid
2071 2585 2321 2659 turbet
2399 2586 2691 2659 placide
2764 2593 2977 2665 quie-

255 2687 627 2737 scentem.
728 2679 1121 2750 Quamobrem
1168 2678 1421 2736 Deorum
1471 2677 1764 2750 Manium,
1838 2680 1935 2755 qui
2001 2680 2229 2755 quidem
2283 2679 2673 2737 defunctorum
2726 2684 2979 2757 quietem

249 2788 513 2846 tuentur,
582 2792 796 2830 nomen
849 2770 922 2828 ab
983 2771 1209 2827 Latinis
1259 2771 1333 2841 ijs
1378 2764 1632 2827 'inditum
1675 2770 1852 2843 est,¹)
1919 2771 2295 2846 proximeque
2363 2772 2647 2829 accedunt
2696 2774 2771 2829 ad
2829 2775 2974 2832 deos

248 2864 521 2922 tutelares
550 2866 603 2938 ²)
1258 2908 1263 2912 -
1572 2942 1575 2943 ⁷

404 2952 713 3022 Quibus
764 2965 1009 3012 autem
1045 2949 1495 3012 rationibus
1554 2953 1972 3029 antiquitas
2024 2953 2256 3031 dluc'ta
2307 2954 2447 3027 sit,
2503 2965 2581 3011 ut
2627 2972 2757 3029 pro
2811 2974 2975 3017 con-

249 3047 723 3121 sanguineis
776 3065 904 3104 eos
954 3044 1312 3119 haberet,
1363 3046 1505 3102 satis
1541 3045 1902 3118 perspicuum
1941 3056 2050 3102 est.

399 3134 613 3192 Idem
669 3151 793 3194 est
847 3146 1208 3213 aspectu-s
1262 3137 1717 3193 dormientis
1772 3148 1848 3192 et
1905 3139 2241 3198 mortui„
2307 3133 2563 3210 Uterque
2608 3137 2774 3210 jacet
2819 3150 2973 3198 tran-

249 3225 492 3304 quilluS‚
549 3226 805 3301 placidus
841 3241 900 3286 et
936 3230 1217 3287 immotus.
1299 3224 1606 3305 Utriusque
1644 3228 1794 3284 vires
1822 3229 2106 3285 remissae
2148 3239 2207 3284 et
2242 3225 2456 3305 fractae
2475 3266 2493 3296 ,
2550 3228 2843 3305 utriusque
2883 3233 2971 3287 ar-

251 3332 379 3393 tuS,
435 3330 605 3376 antea
655 3321 862 3378 intenti
915 3327 977 3380 et
1025 3322 1276 3392 astricti,
1329 3319 1617 3397 explicati·
1647 3338 1798 3378 nuuc
1847 3308 2096 3378 relaxati
2142 3331 2201 3377 et
2237 3317 2473 3380 resoluti
2517 3327 2666 3378 sunt.
2744 3320 2970 3400 Corpus

247 3412 418 3485 sopiti
456 3410 674 3469 videtur
708 3416 1030 3489 mortuum,
1082 3414 1296 3473 mortui
1334 3431 1540 3472 somno
1576 3413 1828 3486 sopitum
1871 3431 2021 3473 esse.
2096 3411 2222 3471 Hac
2261 3411 2558 3489 utriusque
2597 3412 2965 3478 similitudine

247 3518 306 3560 et
343 3504 552 3563 vicinia
587 3503 743 3561 ducti
780 3503 980 3569 Somni
1017 3506 1330 3584 imaginem
1370 3504 1444 3562 ad
1482 3516 1725 3562 mortem
1763 3492 2186 3563 transtulerunt.

311 3689 359 3740 x)
422 3684 502 3733 Cf.
536 3684 688 3734 Gorii
719 3685 872 3738 inser.
907 3688 968 3738 T.
1002 3701 1045 3741 1.
1081 3704 1131 3753 p.
1166 3694 1272 3751 382

299 3763 353 3816 2)
418 3762 569 3812 Gorii
610 3761 760 3814 inser.
805 3765 866 3814 T.
927 3767 971 3815 1.
1018 3782 1070 3830 p.
1117 3777 1222 3830 193,
1253 3780 1354 3830 194.
1418 3767 1648 3819 Fabretti
1694 3740 1855 3821 Iuscr.
1886 3783 1935 3831 p.
1974 3780 2031 3830 72
2068 3794 2124 3804 —
2162 3735 2237 3831 74.
2274 3767 2435 3830 Saggi
2468 3766 2591 3819 deu·
2626 3767 2876 3821 ,academia
2909 3769 2960 3818 di

428 3826 666 3874 Cortona.
703 3827 762 3876 T.
797 3827 892 3878 vl.
930 3843 978 3892 p.
1018 3839 1117 3891 131.
