3379 4174
1519 107 1521 109 ’
1637 134 1686 200 s

452 328 698 411 Uterque
736 338 1036 408 praeterea
1075 334 1336 391 eadem
1386 345 1680 409 natura,
1737 347 1797 393 ut
1834 337 1917 394 ita
1949 335 2157 406 dicam,
2202 334 2530 395 interna
2583 339 2659 395 iis
2706 342 2863 400 visus
2917 357 3026 415 est.

300 422 604 483 Dormiens
661 424 1102 503 quibuscunque
1159 427 1312 482 curis
1367 427 1631 502 vitaeque
1685 429 1933 486 miseriis
1967 427 2191 486 levatus
2229 424 2622 499 placidissima
2661 434 2852 506 quiete
2887 427 3026 491 frui-

301 526 407 587 tur,
449 518 541 574 cui
583 529 643 575 et
680 519 796 576 vita
828 517 1156 591 perfunctus
1194 515 1498 595 indulgere
1535 519 1773 578 videtur.

448 608 765 668 Videamus
803 612 1052 687 primum
1094 610 1180 667 de
1233 608 1504 666 Somno
1556 653 1574 683 ,
1619 612 1712 667 cui
1750 610 1856 668 has
1896 623 2169 687 tanquam
2207 612 2593 688 gratissimam
2634 613 2880 688 quietem
2918 613 3026 671 lar-

270 702 514 775 „gientis
553 714 745 773 partes
783 699 1001 773 'poetae
1060 701 1354 759 dederunt.
1430 700 1637 757 Ovidio
1692 699 1835 759 Met.
1892 701 2002 761 XI.
2039 706 2150 761 623
2207 705 2413 759 dicitur
2466 708 2631 777 quies
2685 723 2913 772 rerum,
2944 729 2953 768 3
2967 714 3030 762 et

302 791 525 850 Statius
562 793 712 849 inter
750 791 918 853 aulae
954 791 1159 850 Somni
1197 792 1487 865 custodes,
1529 793 1829 866 Quiete-m
1866 793 2041 852 refert
2080 791 2264 852 Theb.
2299 786 2380 852 X.
2418 795 2510 853 89.
2552 815 2671 871 sqq.
2748 795 2857 854 Est
2892 809 3027 853 vero

305 883 555 957 duplex,
610 904 782 960 quam
838 884 1087 945 Somnus
1137 882 1416 960 largitur,
1485 885 1688 962 quies3
1763 887 2015 960 pertinet
2070 888 2221 944 enim
2276 884 2364 943 vel
2416 886 2488 943 ad
2544 908 2756 962 corpus
2809 887 2898 944 vel
2955 889 3027 942 ad

306 995 582 1033 animum.

456 1065 626 1136 Quod
670 1069 742 1145 ad
783 1089 985 1142 corpus
1021 1070 1261 1141 attinet,
1319 1066 1462 1124 nihil
1501 1061 1627 1136 est,
1684 1087 1797 1143 quo
1835 1069 2065 1145 aegrius
2100 1064 2418 1144 afficiatur,
2471 1090 2637 1146 quam
2679 1063 3033 1148 gravioribus

303 1148 618 1234 laboribuS,
659 1159 873 1237 quibus
913 1180 1037 1217 cum
1085 1161 1235 1217 vires
1276 1162 1405 1234 ejus
1452 1160 1751 1217 consectae
1805 1161 1950 1228 sint,
2006 1162 2283 1236 gravitate
2340 1169 2514 1238 atque
2567 1162 2838 1221 molestia
2889 1180 3034 1238 qua-

304 1252 437 1311 dam
494 1244 770 1325 afficitur,
825 1272 973 1328 quae
1031 1252 1257 1326 ingrata
1305 1263 1410 1309 est.
1513 1248 1579 1308 Ϊιι
1621 1271 1692 1309 eo
1730 1263 1919 1309 autem
1956 1257 2248 1324 spectatur
2287 1254 2474 1310 somni
2515 1255 2728 1329 virtus,
2782 1266 2847 1311 ut
2903 1254 3031 1310 huic

304 1347 543 1420 torpori,
581 1365 613 1400 e
659 1344 1003 1401 lassitudine
1043 1355 1189 1413 orto,
1215 1344 1476 1417 jucunda
1512 1344 1699 1419 quiete
1737 1344 2045 1400 medeatur.
2120 1341 2424 1421 Per-gratas
2462 1344 2567 1402 has
2607 1346 2807 1403 Somni
2844 1359 3034 1419 partes

306 1449 511 1510 poetae
566 1438 805 1510 primum
862 1456 933 1493 eo
988 1436 1452 1510 descripserunt,
1507 1436 1662 1511 quod
1714 1456 1847 1492 eum
1905 1432 2202 1493 laboribus
2256 1433 2431 1494 finem
2485 1440 2779 1513 imponere
2821 1439 3033 1494 dicunt.

305 1530 560 1587 Somnus
596 1530 742 1603 apud
781 1526 960 1603 Orph.
997 1523 1055 1583 h.
1093 1526 1407 1583 LXXXV.
1448 1531 1502 1585 5.
1546 1526 1862 1601 appellatur
1898 1526 2076 1584 κόπων
2105 1525 2294 1600 ἦδεΐσιν
2322 1528 2477 1602 ’έχων
2514 1528 2830 1604 ἀνάπαυσιν,
2884 1532 3028 1604 apud

306 1620 668 1677 Athenaeum
706 1620 744 1676 l.
784 1619 865 1676 X.
908 1618 1174 1689 (Alexis)
1211 1620 1480 1693 βροτείων
1516 1619 1763 1693 παυστήρ
1795 1619 1992 1689 πόνων,
2037 1631 2095 1675 et
2132 1620 2191 1674 in
2228 1604 2487 1676 Senecae
2527 1619 2697 1678 Herc.
2737 1620 2838 1678 fur.
2891 1626 3032 1679 1065

311 1712 572 1771 definitor
610 1711 895 1771 laborum·
969 1708 1138 1778 Quod
1180 1708 1356 1766 Silius
1396 1707 1636 1767 Italicus
1675 1712 1817 1767 scite
1859 1709 2114 1768 declarat
2151 1708 2281 1768 Vll.
2321 1711 2476 1770 282:

880 1817 1109 1878 Cuncta
1148 1837 1250 1892 per
1288 1830 1346 1876 et
1385 1825 1569 1877 terras
1609 1830 1667 1876 et
1703 1818 1806 1877 lati
1841 1826 2051 1896 stagna
2087 1820 2357 1895 profundi

881 1909 1239 1973 Condiderat
1278 1909 1545 1982 Somnus,
1581 1913 1884 1987 positoque
1923 1908 2120 1968 labore
2154 1913 2376 1970 dierum

881 2001 1091 2059 Pacem
1130 2015 1302 2060 nocte
1343 2003 1537 2060 datam
1576 2000 1917 2061 mortalibus
1957 2000 2114 2061 orbis
2155 2002 2386 2080 agebat.

463 2110 684 2183 Corpus
718 2112 853 2168 dein
887 2110 1086 2168 labore
1124 2131 1367 2168 vacuum
1408 2124 1672 2187 artusque
1709 2099 1902 2169 fessos
1943 2114 2117 2186 quieti
2161 2113 2275 2171 dat.
2304 2122 2331 2133 ⁶
2363 2111 2465 2169 Est
2513 2111 2821 2182 λυσιμελής,
2869 2130 3036 2168 mem-

313 2207 422 2265 bra
460 2206 713 2277 solvens,
751 2214 815 2260 ut
850 2201 1106 2260 Homero
1143 2200 1728 2263 od.xx111.343..

1301 2347 1366 2355 -·
1524 2346 1593 2356 —-
1744 2315 1835 2371 ὅτε
1876 2317 1923 2371 οῖ
1961 2314 2164 2383 γλυκύς
2199 2313 2363 2376 ὕπνος

919 2401 1233 2479 Λυσιμελής
1269 2405 1543 2481 ἐπόρουσε,
1577 2406 1721 2462 λύων
1760 2407 2114 2481 μελεδήματα
2150 2401 2331 2475 θυμου
2345 2406 2386 2477 ¹)

315 2522 531 2580 Solutis
580 2517 963 2577 membrorum
1021 2515 1264 2575 uinculis
1318 2517 1522 2576 Somni
1574 2539 1740 2593 porro
1779 2531 1888 2595 est,
1931 2520 2142 2576 mentis
2176 2529 2367 2575 motus
2404 2516 2724 2595 fluctusque
2766 2509 3034 2575 delenire.

315 2616 461 2673 Sunt
497 2612 768 2670 Tinionis
808 2611 960 2687 apud
1006 2608 1386 2668 Themistium
1429 2609 1615 2680 (Stob.
1639 2610 1888 2684 Cx1x):
1927 2610 2175 2680 Somnus
2214 2610 2323 2667 τῶν
2360 2608 2542 2665 ἄλλων
2580 2608 2877 2680 ἐπιθυμιῶν
2909 2630 3036 2685 κρα-

316 2691 435 2783 nr,
468 2707 582 2764 κὀῖν
620 2700 716 2762 ὦσι
753 2703 1137 2778 σφοδρότατὸιι.
1215 2703 1414 2773 Quare
1455 2703 1715 2762 Senecae
1755 2703 2053 2763 Herc.fur.
2097 2706 2241 2762 1066
2281 2707 2373 2760 est
2411 2705 2640 2777 requies
2679 2705 2885 2780 animi.

464 2797 557 2857 Ad
605 2798 714 2854 has
757 2802 952 2869 partes
1007 2793 1155 2852 bene
1219 2797 1625 2872 exsequendas
1683 2795 1935 2854 Somnus
1990 2794 2131 2853 nihil
2179 2791 2354 2852 habet
2390 2795 2550 2869 prius
2591 2799 2692 2851 aut
2730 2794 3038 2869 antiquiuS,

314 2911 488 2987 quam
531 2902 594 2947 ut
632 2888 1004 2967 gravissimas
1043 2905 1414 2963 quascunque
1452 2889 1696 2962 injurias
1730 2894 1791 2947 et
1828 2885 2157 2961 molestiaS,
2213 2886 2463 2944 animum
2522 2886 2733 2943 misere
2782 2895 3039 2942 nonnun

314 2983 482 3062 quam
511 2993 793 3040 texantes
830 2974 1113 3036 0ὺίἡὶοηί
1141 2979 1260 3038 det.
1312 2976 1651 3038 Aretissimo
1690 2980 1867 3056 igitur
1902 2977 2126 3039 vinculo
2155 2979 2278 3053 jam
2298 2974 2559 3052 Orpheus
2596 2994 2727 3036 eum
2750 2973 3037 3035 Oblivioni

306 3077 538 3152 junxit.
621 3085 711 3129 est
749 3074 970 3130 Lethes
1009 3075 1485 3147 consanguineus
1520 3071 1574 3129 h.
1611 3067 1954 3130 LXXXIV
1993 3073 2049 3131 8.
2140 3070 2307 3129 Hanc
2345 3072 2685 3149 imaginem,
2739 3089 2859 3147 qua
2896 3070 3038 3128 nihil

317 3181 406 3227 est
445 3167 672 3225 suavius
695 3176 774 3222 '‘et
812 3160 1270 3242 significantius,
1329 3166 1664 3238 posterioris
1703 3166 1912 3224 aetatis
1951 3175 2160 3241 poetae
2200 3161 2386 3223 secuti
2422 3175 2571 3233 sunt.
2623 3161 2876 3221 Somnus
2914 3164 3038 3237 ipse

314 3260 557 3319 Horatio
595 3257 703 3331 Ep.
740 3255 907 3314 XIV.
944 3259 999 3315 3.
1051 3254 1418 3333 Virgilioque
1455 3255 1667 3334 Georg.
1704 3256 1754 3313 l.
1786 3259 1881 3315 78.
1930 3258 2197 3315 lethaeus
2232 3269 2353 3327 est,
2407 3276 2519 3332 quo
2555 3253 2836 3312 vocabulo
2878 3275 3035 3313 arma

316 3371 543 3433 quoque
579 3347 885 3423 appellant,
918 3344 1134 3425 quibus
1172 3345 1271 3404 ubi
1310 3347 1535 3408 dicitur.
1611 3348 1995 3409 Callimachus
2034 3348 2090 3406 h.
2131 3350 2190 3406 in
2227 3347 2358 3407 Del.
2387 3350 2516 3409 235.
2574 3345 2809 3421 ληθαΐον
2839 3350 3036 3424 πτερόν

319 3449 374 3503 ei
411 3443 636 3512 tribuit3
677 3441 825 3519 aqud
872 3439 1178 3518 Virgilium
1217 3438 1364 3497 Aen.
1405 3460 1457 3499 v.
1493 3443 1625 3501 854.
1667 3462 1916 3517 ramum,
1954 3443 2185 3522 lethaeo
2226 3461 2364 3500 rare
2402 3439 2734 3500 madentem
2776 3439 3037 3499 manibus

318 3544 497 3610 tenet,
531 3549 589 3593 et
628 3533 931 3592 Claudiaif
1020 3531 1091 3589 de
1127 3528 1282 3590 bello
1318 3531 1472 3591 Gild.
1501 3536 1614 3593 224
1652 3536 1850 3610 frenis
1889 3535 2140 3594 lethaeis
2177 3531 2382 3591 Noctis
2425 3551 2608 3609 equos
2648 3552 2847 3608 regere
2883 3532 3036 3591 illum

319 3632 473 3689 facit.
543 3626 717 3704 Apud
753 3548 1231 3798 Statiffieb.
1287 3625 1368 3684 X.
1404 3626 1494 3686 89.
1540 3627 1781 3688 oblivia
1816 3630 2004 3702 pigra
2044 3625 2265 3686 Somno
2305 3627 2657 3685 amicissima
2695 3637 2752 3681 et
2779 3626 3037 3702 gratissi-

375 3821 424 3876 2)
490 3817 568 3866 Cf.
608 3814 703 3864 Od.
740 3816 862 3863 XX.
896 3815 973 3875 56.
1037 3811 1234 3865 Moscb.
1278 3812 1341 3861 11.
1379 3827 1420 3861 2.

515 4102 547 4115 Q
