3379 4174
1628 144 1674 212 5
1685 173 1711 189 s
1804 179 1807 183 .

295 348 428 405 dum
469 359 762 421 aspectum
802 346 997 421 habet,
1027 346 1262 423 reginae
1300 347 1487 404 crines
1522 342 1960 420 abscissuru8‚¹)
2000 344 2151 404 ferro
2190 351 2439 406 armatus
2478 359 2570 406 est
2596 368 2645 408 v.
2683 350 2779 425 76,
2817 352 2907 410 77.
2945 383 3014 395 -—

297 439 464 512 Apud
498 438 800 498 Horatium
841 457 1039 513 „mors
1077 438 1303 511 lurida,
1340 440 1623 512 pallida“
1664 436 1882 506 (od-I.
1920 443 1978 511 4,
2023 443 2141 515 13.)
2185 444 2385 510 „atris
2422 444 2815 501 circunwolat
2851 445 3013 502 alis“

302 531 425 590 Sat.
470 530 545 589 ll.
591 538 640 604 1,
677 536 793 606 58„
842 551 950 588 nec
1000 532 1361 607 mortequid
1414 544 1537 602 est,
1590 532 1744 610 quod
1793 532 1980 609 magis
2028 532 2549 604 pertimescendum
2618 537 2672 591 ei
2739 536 3013 594 videatur.

299 621 469 697 Apud
506 624 809 714 Horatium
846 622 1030 681 Theb.
1067 621 1208 680 V111
1247 627 1416 697 377‚2

985 768 1039 777 —
1208 766 1279 777 ·-
1434 769 1502 782 —
1654 735 1873 813 Stygiis
1913 737 2126 793 emissa
2167 735 2425 795 tenebris

827 825 986 885 Mors
1024 827 1223 884 fruitur
1257 824 1445 899 coelo,
1487 824 1940 903 bellatoremque
1979 825 2224 885 volando

827 919 1098 994 Campum
1136 922 1339 993 operit,
1381 922 1660 998 nigroque
1694 918 1844 976 i’iros
1880 921 2080 976 invitat
2116 921 2276 978 hiatu

308 1021 365 1066 et
405 1007 560 1068 VIII.
599 1009 727 1069 308.
750 1027 766 1068 t

823 1100 1172 1179 Praecipuus
1212 1106 1378 1163 annis
1420 1105 1744 1181 animisque
1772 1114 2007 1164 cruento
2049 1126 2238 1183 ungue
2276 1117 2457 1162 notat.

305 1192 471 1290 ,Apud
508 1192 708 1249 Silium
746 1194 930 1252 Italic.
970 1194 1043 1253 II.
1083 1199 1247 1266 548,

824 1284 985 1342 Mors
1023 1287 1275 1362 graditur
1309 1299 1472 1344 vasto
1511 1289 1767 1360 pandens
1811 1307 1950 1349 cava
1983 1295 2215 1365 guttura
2251 1290 2393 1344 rictu

824 1376 1199 1454 Caesuroque
1241 1379 1467 1436 inhians
1505 1378 1754 1454 populo
1758 1411 1830 1423 —

306 1498 366 1541 et
406 1486 552 1558 apud
591 1484 873 1545 Senecam
918 1490 1120 1556 (Herc
1139 1490 1274 1560 fur.)
1314 1511 1508 1564 „mors
1545 1491 1726 1546 avidis
1763 1488 1980 1562 pallida
2016 1488 2325 1547 dentibus“
2368 1487 2543 1564 (Oed.
2574 1491 2701 1546 164.
2707 1493 2736 1563 )
2763 1487 3019 1560 „avidos

306 1580 423 1634 oris
465 1578 656 1634 hiatus
695 1583 912 1654 pandit
917 1582 955 1612 “

450 1669 787 1728 Horrendae
858 1673 966 1729 hae
1035 1680 1097 1732 et
1149 1674 1296 1731 aliae
1351 1674 1652 1750 ,ejusmodi
1722 1671 1927 1729 Mortis
1990 1674 2305 1750 imagineS‚
2379 1692 2528 1751 quae
2598 1673 2749 1747 apud
2808 1670 3019 1745 poetas

305 1765 647 1839 saepissime
731 1767 1124 1837 inveniuntur,
1211 1788 1400 1824 nonne
1489 1772 1686 1841 aperte
1770 1785 2025 1842 pugnare
2100 1766 2361 1823 videntur
2437 1785 2569 1823 cum
2645 1762 2824 1822 altera
2899 1761 3021 1834 illa,

197 1894 203 1899 -
306 1874 420 1931 qua
458 1857 828 1914 suavissimus
869 1857 1071 1915 Somni
1108 1856 1568 1937 consanguineus
1620 1856 1865 1915 dicitur²
1903 1889 1977 1900 —
2029 1854 2425 1935 Nequaquam.
2503 1853 2817 1926 Quaelibet
2861 1856 3020 1913 enim

305 1949 595 2018 atrocitaS‚
647 1968 796 2024 quae
835 1950 926 2006 his
965 1950 1110 2007 locis
1153 1951 1383 2026 Θανάτῳ
1419 1952 1678 2006 universe
1718 1947 1928 2006 tributa
1968 1956 2079 2020 est,
2116 1948 2264 2006 bene
2316 1952 2372 2006 ei
2410 1944 2694 2019 convenit,
2732 1961 3019 2025 quatenus

303 2052 394 2096 est
445 2039 536 2096 vel
576 2039 758 2113 Μοῖρα
808 2040 897 2097 vel
942 2042 1039 2116 κήρ
1087 2042 1175 2098 vel
1227 2040 1521 2119 significat
1561 2043 1881 2097 discessum
1922 2063 1955 2096 e
1995 2043 2105 2096 vita
2142 2055 2201 2097 et
2235 2044 2640 2118 migrationem
2678 2043 2739 2096 in
2778 2039 3018 2112 Orcum,

303 2132 534 2187 minime
587 2152 719 2188 vero
774 2141 1060 2208 quatenus
1115 2137 1327 2190 mortui
1380 2140 1588 2191 statum
1645 2153 1711 2189 ac
1765 2134 2156 2188 conditionem
2212 2133 2486 2190 declarat.
2584 2132 2825 2187 Homeri
2863 2134 3019 2187 enim

304 2222 554 2278 Θάνατον
591 2223 679 2279 καὶ
716 2222 889 2297 Κῆρα,
927 2224 1016 2280 vel
1058 2224 1306 2281 Θάνατον
1346 2227 1433 2282 καὶ
1472 2224 1686 2299 Μοῖραν
1720 2226 1791 2293 si,
1834 2234 1899 2279 ut
1936 2243 2034 2294 par
2074 2234 2183 2291 est,
2222 2226 2307 2280 ita
2345 2223 2696 2297 explicueris
2736 2229 2801 2279 ut
2840 2224 3022 2298 signi-

300 2312 438 2371 ficet
474 2313 741 2385 Θάνατον,
780 2326 1056 2390 quatenus
1095 2329 1185 2373 est
1217 2316 1307 2373 vel
1344 2315 1524 2390 Μοῖραι
1563 2314 1651 2372 vel
1691 2307 1829 2389 Κήρ,
1867 2327 1983 2389 aut,
2037 2313 2289 2372 Homero
2328 2315 2452 2391 ipso
2506 2321 2841 2389 praeeunte,
2901 2311 3016 2383 Κῆ-

304 2425 403 2481 ρας
458 2403 712 2462 θανάτοιο
750 2403 815 2463 ll.
850 2404 927 2462 11.
981 2409 1113 2466 30⁶2.
1166 2420 1225 2465 et
1267 2407 1479 2481 Μοῖραν
1522 2405 1764 2464 θανάτου
1818 2404 1909 2462 vel
1947 2404 2154 2474 πότμον
2190 2404 2468 2475 θανάτου,
2523 2426 2638 2462 non
2690 2418 2814 2474 est,
2866 2407 3046 2481 quod·

306 2497 597 2567 miremur,
635 2516 737 2552 cur
773 2494 1100 2553 numinibus
1139 2497 1230 2554 his
1267 2498 1509 2574 letiferis
1550 2499 1911 2555 atrocissima
1949 2515 2206 2574 quaeque
2245 2496 2515 2554 attributa
2554 2496 3019 2554 sint—Alceste

303 2589 608 2662 Euripidea
644 2590 814 2646 vitam
852 2602 1012 2649 suam
1052 2610 1152 2662 pro
1205 2589 1452 2667 Admeto
1503 2590 1659 2648 Orco
1706 2592 2064 2665 promiserat.
2159 2587 2421 2665 Tempus
2475 2590 2705 2646 aderat:
2759 2590 3022 2660 poscitur

305 2699 340 2735 a
375 2687 559 2738 morte
613 2682 925 2755 AdmetuS‚
979 2680 1215 2738 Alceste
1269 2683 1505 2739 moritur
1554 2701 1790 2755 proco.
1876 2679 2124 2743 Θάνατος
2162 2681 2336 2757 igitur
2370 2679 2461 2737 hic
2501 2691 2592 2736 est
2629 2679 2839 2737 saevus
2876 2670 3022 2738 Orci

306 2774 558 2845 nuntiuS‚
596 2773 903 2833 inferorum
939 2774 1232 2844 sacerdoS,
1268 2775 1433 2849 isque
1469 2772 1666 2832 habitu
1699 2781 1761 2834 et
1800 2775 2035 2851 ingenio
2075 2775 2272 2843 atroci,
2297 2786 2589 2846 propterea
2625 2772 2781 2847 quod
2817 2770 3024 2831 urbest

306 2866 600 2923 sententia
647 2865 944 2922 discessus
999 2862 1071 2922 ab
1124 2864 1293 2938 hujus
1343 2867 1491 2922 vitae
1549 2864 1994 2923 amoenitatibus
2048 2879 2107 2922 et
2158 2866 2521 2943 migrationis
2560 2863 2621 2920 in
2662 2862 2900 2921 Oneum.
2949 2898 3010 2908 -

303 2952 509 3030 Neque
542 2957 733 3032 magis
771 2959 1056 3026 miremur,
1095 2957 1246 3032 quod
1285 2967 1344 3013 et
1379 2955 1656 3013 Horatius
1699 2970 1940 3014 mortem
1978 2959 2116 3013 atris
2158 2953 2444 3013 coloribus
2480 2955 2691 3029 pinxit.
2778 2952 3021 3013 'Tritum

306 3047 459 3101 enim
522 3051 617 3104 est
675 3054 864 3123 atque⁴
899 3047 972 3105 ab
1028 3070 1098 3106 eo
1151 3041 1381 3121 saepius
1427 3037 1796 3105 inculcatum'
1826 3050 1900 3104 de
1936 3049 2174 3105 fruenda
2207 3050 2328 3104 vita
2356 3052 2739 3119 praeceptum.
2821 3046 3016 3103 Vitam

368 3231 416 3285 1)
477 3229 698 3278 nuceum
733 3234 832 3279 hoc
863 3242 940 3280 est
970 3248 1000 3280 a
1034 3235 1190 3281 rebus
1222 3233 1396 3281 sacriS.
1462 3233 1690 3282 Solemni
1722 3232 1854 3281 enim
1889 3233 1989 3281 ritu
2021 3232 2255 3280 victimae
2288 3229 2621 3278 immolandae
2650 3231 2750 3294 pili
2787 3248 2817 3280 e
2853 3231 3021 3279 fronte

487 3308 837 3357 evellebantur
867 3319 1017 3370 atque
1048 3310 1101 3358 in
1134 3310 1302 3373 ignem
1334 3310 1760 3372 conficiebantur,
1807 3310 1942 3372 quod
1974 3317 2051 3357 est
2074 3291 2481 3370 κοατθῖθχᾶςθαι
2540 3307 2671 3354 Tum
2707 3306 2913 3355 victima
2950 3307 3021 3354 ri-

489 3396 563 3434 te
590 3396 785 3435 sacrata
829 3387 1092 3437 dicebatur
1132 3390 1264 3446 deo,
1309 3388 1392 3437 cui
1435 3404 1578 3439 sacra
1621 3389 2006 3453 apparabantur.
2089 3387 2200 3435 Jan
2250 3400 2360 3433 cum
2411 3379 2641 3434 homines
2685 3385 2786 3433 diis
2839 3386 3019 3435 inseris

488 3448 790 3520 οἷνϋμμένοι
827 3466 1134 3516 haberentur
1181 3484 1220 3518 s
1256 3468 1382 3516 Orci
1427 3468 1692 3528 victimae,
1738 3468 1860 3516 satis
1904 3466 2133 3529 proclive
2166 3473 2300 3523 erat,
2337 3478 2449 3511 cum
2485 3479 2541 3511 re
2579 3465 2730 3512 etiam
2764 3464 2903 3527 ipsos
2939 3480 3020 3511 sa-

487 3540 749 3589 crificandi
782 3542 910 3591 ritus
942 3544 1004 3591 ad
1038 3560 1128 3594 ees
1162 3545 1442 3597 traducere.
1486 3547 1557 3594 Ut
1594 3546 1754 3609 igitur
1783 3544 2056 3594 moriturus
2093 3551 2321 3603 tanquam
2355 3542 2561 3590 victima
2593 3542 2692 3591 rite
2719 3551 2913 3590 sacrata
2936 3557 3020 3589 ca·

484 3620 660 3678 deret,
704 3634 834 3681 opus
874 3631 982 3669 erat
1025 3623 1238 3671 crin-ium
1283 3639 1585 3671 summorum
1631 3623 1957 3672 abscissione.
2039 3620 2187 3671 Quod
2236 3618 2460 3667 officium
2497 3628 2552 3666 ut
2595 3621 2659 3667 ab
2691 3620 2808 3667 aliis
2847 3620 3015 3681 poetis

481 3697 598 3746 aliis
631 3696 917 3748 numinibus
952 3698 1236 3762 injungitur
1280 3703 1367 3763 [cf.
1415 3701 1561 3761 Virg.
1610 3705 1737 3751 Aen.
1782 3701 1871 3747 IV.
1903 3710 2011 3758 704,
2042 3698 2149 3755 698.
2200 3698 2379 3746 Horat.
2419 3697 2516 3746 Od.
2551 3698 2594 3745 1.
2630 3703 2708 3756 28,
2748 3702 2818 3748 18.
2888 3696 3015 3743 Stat.

477 3774 603 3824 silv.
633 3773 702 3822 11.
741 3789 784 3829 1,
821 3776 967 3836 1427.],
1007 3776 1075 3826 ita
1110 3780 1173 3827 ab
1202 3779 1451 3842 Euripide
1482 3765 1734 3839 Θανάτῳ.
1804 3775 1881 3824 Cf.
1916 3774 2202 3825 Mitscberl.
2248 3774 2309 3822 ad
2355 3775 2532 3822 Horat.
2581 3775 2615 3821 l.
2667 3775 2699 3821 l.
2750 3786 2799 3821 et
2844 3773 3011 3835 Heyn.

480 3852 542 3899 ad
577 3852 728 3914 Virg.
766 3854 798 3902 l.
827 3854 859 3903 Ι.
