3379 4174
1722 165 1766 232 2

521 361 648 421 Sub
692 350 834 420 voce
884 364 1091 420 mortis
1146 364 1387 436 primum
1442 363 1605 419 dira
1656 362 2024 419 moriendi
2080 365 2510 425 necessitas
2562 366 2940 444 intelligenda
2983 374 3096 439 est,

370 476 513 533 quae
553 473 840 531 personae
876 456 1082 529 specie
1115 454 1335 528 induta,
1373 451 1624 510 Homero
1655 451 2009 529 Graecisque
2049 451 2344 512 dicebatur
2382 442 2584 530 Μοῖρα,
2624 453 2883 532 Ἀνάγκη,
2922 457 3096 532 Orph.

367 550 506 625 Arg.
550 551 697 618 140„
733 545 766 619 ἦ
808 546 1121 620 εἱμαρμένη,
1155 544 1188 617 ἦ
1224 547 1568 618 πεπρωμένη,
1607 537 1781 616 Ata-a,
1830 544 2035 614 πότμος
2085 542 2348 618 θανάτου,
2401 545 2628 606 Latinis
2681 566 2815 605 vero
2870 548 3094 622 Fatum,

367 638 709 697 Necessitas
743 636 876 708 leti,
917 635 1061 695 Hor.
1096 633 1290 707 Od.1‚
1328 639 1382 694 3
1425 636 1516 694 32.
1555 637 1647 694 33.
1726 634 1894 694 Hanc
1935 636 2218 695 moriendi
2260 624 2673 696 necessitatem
2711 639 2855 699 scite
2895 640 3093 713 expla-

369 744 468 789 nat
506 729 737 788 Seneca
773 726 1074 786 Cousolat.
1113 728 1186 784 ad
1225 724 1405 783 Marc.
1440 725 1598 783 XX:
1667 728 1935 787 Habebit
1971 732 2247 804 quisque,
2287 736 2576 803 quantum
2629 731 2726 788 illi
2780 730 2909 789 dies
2947 751 3087 805 pro-

368 828 564 882 ximus
602 822 952 893 adscripsit.
1004 819 1106 875 Ex
1140 819 1282 887 illo,
1339 837 1453 892 quo
1483 822 1746 893 primum
1783 823 1971 879 lucem
2000 821 2201 893 vidit,
2241 823 2360 878 iter
2395 813 2609 878 mortis
2645 825 2951 897 ingressus
2997 830 3091 881 est

374 917 746 988 accessitque
782 912 920 986 fato
953 911 1238 985 propior.-
1289 916 1383 981 ‚et
1422 912 1519 969 illi
1557 915 1710 985 ipsi,
1793 916 1897 988 qui
1948 911 2397 986 adjiciebantur
2437 913 2879 973 adolescentiae
2919 919 3086 987 anui,

363 1012 531 1067 vitae
569 1003 1076 1070 detrahebantur3
1130 1002 1203 1058 de
1241 998 1451 1058 Brevit.
1488 1003 1584 1059 vit.
1622 1001 1777 1061 HL:
1855 1004 2019 1077 Quid
2057 1010 2148 1063 est
2185 1007 2345 1077 novi,
2383 1005 2671 1063 hominem
2704 1009 2876 1075 mori,
2917 1008 3086 1080 cujus

367 1107 502 1159 tota
538 1101 671 1156 vita
712 1095 867 1154 nihil
905 1092 1077 1152 aliud
1116 1111 1293 1166 quam
1335 1094 1418 1152 ad
1453 1101 1702 1157 mortem
1743 1097 1862 1153 iter
1892 1101 2026 1162 ‘est,·
2088 1094 2280 1168 Epist.
2315 1093 2576 1153 XXIV.:
2646 1096 2931 1168 Quotidie
2968 1116 3086 1157 mo·

362 1195 576 1260 rimur,
608 1185 877 1262 quotidie
916 1186 1071 1243 enim
1108 1183 1371 1242 demitur
1403 1204 1557 1259 pars
1594 1189 1778 1255 vitae,
1819 1192 1877 1244 et
1917 1203 2075 1244 nunc
2112 1203 2358 1260 quoque,
2396 1204 2528 1245 cum
2567 1190 2906 1262 crescimus,
2947 1192 3080 1247 vita

366 1284 695 1347 decrescit,
685 1302 698 1313 ·
753 1277 1006 1351 denique
1046 1273 1284 1331 Consol.
1321 1278 1392 1332 ad
1435 1274 1614 1332 Marc.
1648 1276 1821 1333 XX.:
1896 1280 2103 1350 Agunt
2141 1295 2290 1351 opus
2324 1296 2495 1335 suum
2531 1279 2706 1353 fata,
2746 1279 2916 1337 nobis
2951 1298 3080 1337 sen-

359 1393 486 1432 sum
527 1376 773 1429 nostrae
813 1371 980 1425 necis
1018 1367 1343 1440 auferunt,
1393 1384 1619 1442 quoque
1658 1369 1912 1443 facilius
1950 1368 2198 1444 obrepat
2236 1386 2425 1442 mors,
2463 1369 2570 1428 sub
2612 1373 2742 1445 ipso
2780 1375 2945 1430 vitae
2981 1391 3080 1430 ηο-

360 1468 514 1522 mine
550 1464 724 1520 latet.
768 1492 834 1500 —
876 1457 1040 1516 Haec
1077 1459 1368 1516 sententia
1407 1456 1512 1515 sub
1552 1476 1694 1516 voce
1733 1457 1914 1532 Μοίρκ
1937 1457 2111 1528 latet,
2152 1459 2224 1517 de
2268 1479 2383 1536 qua
2417 1459 2706 1519 Homerus
2744 1460 2974 1559 11.V..1

655 1569 869 1644 Μοῖραν
906 1566 985 1627 δ’
960 1568 1141 1626 ου’τινα
1178 1570 1322 1642 φημὶ
1363 1572 1717 1640 πεφυγμένον
1753 1568 1979 1639 ἔμμεναι
2009 1568 2213 1644 ἀνδρων

507 1679 564 1722 et
602 1656 896 1721 Isocrates
935 1660 1010 1717 ad
1047 1645 1458 1718 Demonicum.

655 1752 720 1810 ro*
756 1754 858 1824 μὲν
895 1751 1000 1828 ‘reip
1037 1753 1360 1825 τελευτῆσαι
1395 1751 1617 1815 πάντως
1654 1751 1687 1825 ἦ
1725 1762 2049 1824 πεπρωαένη
2090 1754 2419 1827 κατέκρινεν.

500 1848 883 1905 Commutatis
929 1865 1061 1901 vero
1102 1844 1437 1901 notionibus
1476 1842 1881 1920 vocabulisque
1918 1844 2131 1900 factum
2167 1856 2288 1915 est,
2344 1858 2406 1902 ut
2443 1847 2654 1904 invicta
2689 1846 2830 1902 haec
2870 1849 3075 1924 Μοίρας

351 1945 437 2000 xis
477 1942 589 2015 ipsi
628 1941 797 1997 morti
836 1935 1197 1996 tribueretur.
1270 1936 1519 1999 Θάνατος
1559 1937 1695 1998 inde
1734 1937 1947 1993 dicitur
1982 1935 2266 2010 α’ήττητος,
2316 1948 2375 1994 et
2412 1935 2570 1995 Mors
2608 1937 2850 1997 Horatio
2877 1941 2986 1999 od.
3003 1942 3075 1999 ΙΙ.

354 2039 442 2093 14
481 2036 554 2091 6:
611 2032 926 2090 indomita.
1019 2029 1216 2098 Quare
1275 2039 1334 2085 et
1385 2027 1577 2101 Ἀΐδης
1628 2038 1719 2084 est
1771 2026 2061 2100 ἀμείλιχος
2112 2026 2514 2100 ἦδόὶδοέμοιστος
2559 2029 2626 2086 Il.
2655 2029 2771 2087 ῙΧ.
2814 2035 2939 2105 158,
3011 2050 3070 2103 qt

350 2125 560 2197 νηλεής,
597 2119 905 2194 δυςτειθής,
954 2122 1039 2177 uti
1076 2083 1305 2220 saepibp
1347 2119 1493 2191 apud
1529 2116 1788 2176 Graecos
1828 2119 2004 2176 audit.
2085 2116 2295 2193 Neque
2352 2123 2532 2178 sacris
2572 2125 2894 2180 aven-runcis
2930 2126 2984 2181 h.
3023 2147 3073 2182 e.

349 2215 619 2288 precibus
658 2226 718 2271 et
753 2208 1078 2281 sacrificiis,
1118 2230 1262 2286 quae
1302 2230 1402 2282 pro
1444 2211 1755 2267 avertenda
1791 2230 1856 2267 re
1895 2207 2141 2267 molesta
2181 2212 2293 2269 diis
2332 2212 2510 2284 fiunt,
2566 2215 2835 2271 retardari
2895 2238 3066 2288 posse

347 2320 607 2376 mortem,
638 2311 887 2364 testatur
920 2301 1245 2375 Aeschylus
1281 2301 1350 2357 fr.
1392 2297 1564 2358 Niob.
1604 2290 1695 2375 ap.
1734 2296 1899 2357 Stob.
1936 2297 2188 2363 CXIX:

941 2412 1126 2486 ,Μόνος
1159 2412 1307 2469 θεῶν
1340 2410 1445 2486 vaip
1489 2410 1741 2475 Θοίνοιτος
1778 2409 1840 2466 ου’
1878 2410 2059 2485 δώρων
2098 2412 2195 2487 ἐρᾷ

946 2504 1043 2562 ὂύι·
1082 2517 1094 2538 ’
1117 2503 1184 2560 ἄν
1217 2522 1272 2560 τι
1313 2500 1496 2572 θύων,
1543 2501 1653 2558 οὔτ’
1693 2502 2025 2559 ἐπισπένδων
2063 2504 2219 2567 ναδις.

950 2596 1050 2658 Οὐ
1088 2594 1281 2667 βωμός
1326 2597 1486 2667 ἐςτιν,
1527 2593 1646 2652 ivd&
1685 2592 2071 2671 παιωνίζεται,

946 2688 1110 2759 μόνου
1147 2688 1206 2744 δὲ
1243 2687 1423 2743 πειθάἲ
1462 2686 1723 2758 δαιμόνων
1761 2686 2071 2744 ἀποστατέι.

340 2807 470 2871 Huc
511 2808 688 2862 etiam
729 2812 957 2878 spectat
980 2799 1221 2880 Solonis
1260 2819 1350 2876 ep,
1391 2798 1556 2856 XIII.
1594 2802 1658 2871 9,
1697 2804 1781 2857 10.
1822 2799 2016 2871 (Anal.
2053 2798 2147 2856 Br.
2184 2798 2229 2854 I.
2266 2803 2380 2868 70.)
2438 2799 2568 2857 0ὔὸ
2618 2798 2695 2856 οἷν
2745 2805 2933 2862 ἄποινα
2988 2811 3060 2864 δί-

340 2897 464 2961 δούς
497 2878 741 2953 &dverton
783 2893 970 2966 φύγοι,
1004 2889 1309 2969 praeterea
1356 2889 1528 2948 Pind..
1555 2888 1751 2949 Isthm.
1787 2889 1887 2948 VI.
1941 2892 2099 2949 59.z,
2142 2888 2454 2959 θνάσκομεν
2499 2889 2602 2966 ‘reip
2640 2892 2783 2964 ὁμῶς
2813 2896 3063 2965 ἅπαντες,

340 2990 548 3059 δαίμων
584 2986 820 3061 (Μοῖρα)
861 2984 903 3041 δ’
917 2985 1086 3047 ἄϊσος.
1129 2978 1354 3057 θανάτῳ
1390 2983 1592 3045 πάντες
1640 2981 1998 3054 ὀφειλόμεθα.
2011 2983 2054 3054 ¹)
2095 3015 2164 3024 -
2214 2978 2383 3049 Quod
2431 2985 2652 3056 proprie
2703 2986 2911 3065 Μοίρας
2947 3010 3057 3065 est,

337 3093 545 3158 poetae
580 3079 672 3135 his
707 3076 855 3142 locis
893 3077 1092 3141 mortis
1119 3070 1396 3133 vocabulo
1437 3076 1735 3149 denotant,
1772 3072 2009 3132 fatalem
2049 3074 2179 3132 dico
2217 3073 2498 3131 moriendi
2537 3080 2962 3142 necessitatem.

374 3242 379 3246 .
485 3171 795 3230 Praeterea
846 3168 1024 3244 κῆρες,
1077 3166 1314 3235 Parcae,
1366 3167 1437 3223 ad
1494 3166 1640 3224 hanc
1700 3165 1830 3224 Fati
1891 3167 2189 3223 notionem
2242 3166 2303 3221 in
2357 3178 2650 3239 poetarum
2683 3173 3056 3235 'carminibus
3148 3233 3150 3235 ‚

333 3266 600 3340 proxime
641 3262 960 3334 accedunt,
1000 3277 1342 3342 quamquam
1380 3257 1530 3315 aliae
1571 3264 1771 3332 partes
1798 3276 2016 3334 eaeque
2054 3266 2288 3331 prorsus
2323 3258 2578 3315 diversae
2618 3259 2691 3318 ab
2725 3267 3056 3344 emtiquissi-

332 3375 430 3417 ma
484 3360 676 3440 aetate
731 3354 808 3411 iis
865 3352 1036 3417 datae
1092 3362 1258 3424 sunt,
1313 3369 1480 3425 cum,
1537 3369 1679 3429 quas
1730 3368 1838 3407 nos
1877 3350 2086 3408 eodem
2127 3351 2329 3406 mortis
2368 3349 2644 3410 vocabulo
2682 3355 3052 3433 appellamus

333 3449 474 3508 leti
543 3436 813 3505 causas
869 3437 1205 3535 significent
1265 3443 1573 3519 propius
1628 3444 2059 3516 instantes,
2131 3458 2364 3514 saepe
2427 3444 2735 3519 quidem
2788 3461 3053 3511 natur-1

336 3555 476 3598 sua
546 3536 987 3604 wiolentaS,
1055 3554 1351 3610 semper
1425 3553 1606 3593 vero
1670 3534 1977 3593 effectu
2052 3531 2397 3592 acerbas.
2512 3533 2863 3611 Herderus²)
2920 3552 3050 3615 apte

390 3724 439 3779 ι)
504 3718 1205 3847 ff{.s¹‹'1{1³e‘²1rsebsp¹{‘'5¹f‘¹¹
1240 3735 1315 3775 21.
1352 3725 1431 3782 58
1514 3721 1663 3770 Οιίᾱ.
1707 3721 1829 3771 Met.
1865 3722 1931 3771 X.
1968 3731 2045 3784 33.
2113 3721 2295 3780 Horat·
2325 3720 2423 3774 Od.
2456 3722 2525 3771 11.
2564 3733 2609 3784 3.
2641 3732 2702 3786 23
2733 3739 2841 3788 sqq.
2876 3727 2971 3775 ΠΙ.
3012 3745 3051 3778 ι.

391 3861 444 3920 2)
507 3860 543 3907 1
576 3873 619 3907 c
654 3875 703 3921 p.
739 3864 843 3912 208
